%YAML 1.1
%TAG !u! tag:unity3d.com,2011:
--- !u!29 &1
OcclusionCullingSettings:
  m_ObjectHideFlags: 0
  serializedVersion: 2
  m_OcclusionBakeSettings:
    smallestOccluder: 5
    smallestHole: 0.25
    backfaceThreshold: 100
  m_SceneGUID: 00000000000000000000000000000000
  m_OcclusionCullingData: {fileID: 0}
--- !u!104 &2
RenderSettings:
  m_ObjectHideFlags: 0
  serializedVersion: 9
  m_Fog: 0
  m_FogColor: {r: 0.5, g: 0.5, b: 0.5, a: 1}
  m_FogMode: 3
  m_FogDensity: 0.01
  m_LinearFogStart: 0
  m_LinearFogEnd: 300
  m_AmbientSkyColor: {r: 0.212, g: 0.227, b: 0.259, a: 1}
  m_AmbientEquatorColor: {r: 0.114, g: 0.125, b: 0.133, a: 1}
  m_AmbientGroundColor: {r: 0.047, g: 0.043, b: 0.035, a: 1}
  m_AmbientIntensity: 1
  m_AmbientMode: 0
  m_SubtractiveShadowColor: {r: 0.42, g: 0.478, b: 0.627, a: 1}
  m_SkyboxMaterial: {fileID: 10304, guid: 0000000000000000f000000000000000, type: 0}
  m_HaloStrength: 0.5
  m_FlareStrength: 1
  m_FlareFadeSpeed: 3
  m_HaloTexture: {fileID: 0}
  m_SpotCookie: {fileID: 10001, guid: 0000000000000000e000000000000000, type: 0}
  m_DefaultReflectionMode: 0
  m_DefaultReflectionResolution: 128
  m_ReflectionBounces: 1
  m_ReflectionIntensity: 1
  m_CustomReflection: {fileID: 0}
  m_Sun: {fileID: 0}
  m_IndirectSpecularColor: {r: 0, g: 0, b: 0, a: 1}
  m_UseRadianceAmbientProbe: 0
--- !u!157 &3
LightmapSettings:
  m_ObjectHideFlags: 0
  serializedVersion: 12
  m_GIWorkflowMode: 1
  m_GISettings:
    serializedVersion: 2
    m_BounceScale: 1
    m_IndirectOutputScale: 1
    m_AlbedoBoost: 1
    m_EnvironmentLightingMode: 0
    m_EnableBakedLightmaps: 1
    m_EnableRealtimeLightmaps: 0
  m_LightmapEditorSettings:
    serializedVersion: 12
    m_Resolution: 2
    m_BakeResolution: 40
    m_AtlasSize: 1024
    m_AO: 0
    m_AOMaxDistance: 1
    m_CompAOExponent: 1
    m_CompAOExponentDirect: 0
    m_ExtractAmbientOcclusion: 0
    m_Padding: 2
    m_LightmapParameters: {fileID: 0}
    m_LightmapsBakeMode: 1
    m_TextureCompression: 1
    m_FinalGather: 0
    m_FinalGatherFiltering: 1
    m_FinalGatherRayCount: 256
    m_ReflectionCompression: 2
    m_MixedBakeMode: 2
    m_BakeBackend: 1
    m_PVRSampling: 1
    m_PVRDirectSampleCount: 32
    m_PVRSampleCount: 512
    m_PVRBounces: 2
    m_PVREnvironmentSampleCount: 256
    m_PVREnvironmentReferencePointCount: 2048
    m_PVRFilteringMode: 1
    m_PVRDenoiserTypeDirect: 1
    m_PVRDenoiserTypeIndirect: 1
    m_PVRDenoiserTypeAO: 1
    m_PVRFilterTypeDirect: 0
    m_PVRFilterTypeIndirect: 0
    m_PVRFilterTypeAO: 0
    m_PVREnvironmentMIS: 1
    m_PVRCulling: 1
    m_PVRFilteringGaussRadiusDirect: 1
    m_PVRFilteringGaussRadiusIndirect: 5
    m_PVRFilteringGaussRadiusAO: 2
    m_PVRFilteringAtrousPositionSigmaDirect: 0.5
    m_PVRFilteringAtrousPositionSigmaIndirect: 2
    m_PVRFilteringAtrousPositionSigmaAO: 1
    m_ExportTrainingData: 0
    m_TrainingDataDestination: TrainingData
    m_LightProbeSampleCountMultiplier: 4
  m_LightingDataAsset: {fileID: 0}
  m_LightingSettings: {fileID: 0}
--- !u!196 &4
NavMeshSettings:
  serializedVersion: 2
  m_ObjectHideFlags: 0
  m_BuildSettings:
    serializedVersion: 2
    agentTypeID: 0
    agentRadius: 0.5
    agentHeight: 2
    agentSlope: 45
    agentClimb: 0.4
    ledgeDropHeight: 0
    maxJumpAcrossDistance: 0
    minRegionArea: 2
    manualCellSize: 0
    cellSize: 0.16666667
    manualTileSize: 0
    tileSize: 256
    accuratePlacement: 0
    maxJobWorkers: 0
    preserveTilesOutsideBounds: 0
    debug:
      m_Flags: 0
  m_NavMeshData: {fileID: 0}
--- !u!1001 &116476835
PrefabInstance:
  m_ObjectHideFlags: 0
  serializedVersion: 2
  m_Modification:
    m_TransformParent: {fileID: 2086382546}
    m_Modifications:
    - target: {fileID: 866063588971714403, guid: 67d57c1b8e71d34448fa1857bf5f3abf, type: 3}
      propertyPath: m_LocalPosition.x
      value: -1
      objectReference: {fileID: 0}
    - target: {fileID: 866063588971714403, guid: 67d57c1b8e71d34448fa1857bf5f3abf, type: 3}
      propertyPath: m_LocalPosition.y
      value: 0
      objectReference: {fileID: 0}
    - target: {fileID: 866063588971714403, guid: 67d57c1b8e71d34448fa1857bf5f3abf, type: 3}
      propertyPath: m_LocalPosition.z
      value: -20
      objectReference: {fileID: 0}
    - target: {fileID: 866063588971714403, guid: 67d57c1b8e71d34448fa1857bf5f3abf, type: 3}
      propertyPath: m_LocalRotation.x
      value: 0
      objectReference: {fileID: 0}
    - target: {fileID: 866063588971714403, guid: 67d57c1b8e71d34448fa1857bf5f3abf, type: 3}
      propertyPath: m_LocalRotation.y
      value: 0
      objectReference: {fileID: 0}
    - target: {fileID: 866063588971714403, guid: 67d57c1b8e71d34448fa1857bf5f3abf, type: 3}
      propertyPath: m_LocalRotation.z
      value: 0
      objectReference: {fileID: 0}
    - target: {fileID: 866063588971714403, guid: 67d57c1b8e71d34448fa1857bf5f3abf, type: 3}
      propertyPath: m_LocalRotation.w
      value: 1
      objectReference: {fileID: 0}
    - target: {fileID: 866063588971714403, guid: 67d57c1b8e71d34448fa1857bf5f3abf, type: 3}
      propertyPath: m_RootOrder
      value: 11
      objectReference: {fileID: 0}
    - target: {fileID: 866063588971714403, guid: 67d57c1b8e71d34448fa1857bf5f3abf, type: 3}
      propertyPath: m_LocalEulerAnglesHint.x
      value: 0
      objectReference: {fileID: 0}
    - target: {fileID: 866063588971714403, guid: 67d57c1b8e71d34448fa1857bf5f3abf, type: 3}
      propertyPath: m_LocalEulerAnglesHint.y
      value: 0
      objectReference: {fileID: 0}
    - target: {fileID: 866063588971714403, guid: 67d57c1b8e71d34448fa1857bf5f3abf, type: 3}
      propertyPath: m_LocalEulerAnglesHint.z
      value: 0
      objectReference: {fileID: 0}
    - target: {fileID: 8633750453136060853, guid: 67d57c1b8e71d34448fa1857bf5f3abf, type: 3}
      propertyPath: _nextWaypoint
      value: 
      objectReference: {fileID: 1466516498}
    - target: {fileID: 8834940971312983385, guid: 67d57c1b8e71d34448fa1857bf5f3abf, type: 3}
      propertyPath: m_Name
      value: Waypoint (12)
      objectReference: {fileID: 0}
    m_RemovedComponents: []
  m_SourcePrefab: {fileID: 100100000, guid: 67d57c1b8e71d34448fa1857bf5f3abf, type: 3}
--- !u!4 &116476836 stripped
Transform:
  m_CorrespondingSourceObject: {fileID: 866063588971714403, guid: 67d57c1b8e71d34448fa1857bf5f3abf, type: 3}
  m_PrefabInstance: {fileID: 116476835}
  m_PrefabAsset: {fileID: 0}
--- !u!114 &116476837 stripped
MonoBehaviour:
  m_CorrespondingSourceObject: {fileID: 8633750453136060853, guid: 67d57c1b8e71d34448fa1857bf5f3abf, type: 3}
  m_PrefabInstance: {fileID: 116476835}
  m_PrefabAsset: {fileID: 0}
  m_GameObject: {fileID: 0}
  m_Enabled: 1
  m_EditorHideFlags: 0
  m_Script: {fileID: 11500000, guid: b141750904154aa4599cceff2e0bf559, type: 3}
  m_Name: 
  m_EditorClassIdentifier: 
--- !u!1001 &121097709
PrefabInstance:
  m_ObjectHideFlags: 0
  serializedVersion: 2
  m_Modification:
    m_TransformParent: {fileID: 2086382546}
    m_Modifications:
    - target: {fileID: 187796570584822673, guid: 37d8d7eb416eb6f4b9eda8f50f57e4df, type: 3}
      propertyPath: m_LocalPosition.x
      value: -1
      objectReference: {fileID: 0}
    - target: {fileID: 187796570584822673, guid: 37d8d7eb416eb6f4b9eda8f50f57e4df, type: 3}
      propertyPath: m_LocalPosition.y
      value: 0
      objectReference: {fileID: 0}
    - target: {fileID: 187796570584822673, guid: 37d8d7eb416eb6f4b9eda8f50f57e4df, type: 3}
      propertyPath: m_LocalPosition.z
      value: 5
      objectReference: {fileID: 0}
    - target: {fileID: 187796570584822673, guid: 37d8d7eb416eb6f4b9eda8f50f57e4df, type: 3}
      propertyPath: m_LocalRotation.x
      value: 0
      objectReference: {fileID: 0}
    - target: {fileID: 187796570584822673, guid: 37d8d7eb416eb6f4b9eda8f50f57e4df, type: 3}
      propertyPath: m_LocalRotation.y
      value: 0
      objectReference: {fileID: 0}
    - target: {fileID: 187796570584822673, guid: 37d8d7eb416eb6f4b9eda8f50f57e4df, type: 3}
      propertyPath: m_LocalRotation.z
      value: 0
      objectReference: {fileID: 0}
    - target: {fileID: 187796570584822673, guid: 37d8d7eb416eb6f4b9eda8f50f57e4df, type: 3}
      propertyPath: m_LocalRotation.w
      value: 1
      objectReference: {fileID: 0}
    - target: {fileID: 187796570584822673, guid: 37d8d7eb416eb6f4b9eda8f50f57e4df, type: 3}
      propertyPath: m_RootOrder
      value: 18
      objectReference: {fileID: 0}
    - target: {fileID: 187796570584822673, guid: 37d8d7eb416eb6f4b9eda8f50f57e4df, type: 3}
      propertyPath: m_LocalEulerAnglesHint.x
      value: 0
      objectReference: {fileID: 0}
    - target: {fileID: 187796570584822673, guid: 37d8d7eb416eb6f4b9eda8f50f57e4df, type: 3}
      propertyPath: m_LocalEulerAnglesHint.y
      value: 0
      objectReference: {fileID: 0}
    - target: {fileID: 187796570584822673, guid: 37d8d7eb416eb6f4b9eda8f50f57e4df, type: 3}
      propertyPath: m_LocalEulerAnglesHint.z
      value: 0
      objectReference: {fileID: 0}
    - target: {fileID: 2648680667200612049, guid: 37d8d7eb416eb6f4b9eda8f50f57e4df, type: 3}
      propertyPath: _possibleWaypoints.Array.size
      value: 3
      objectReference: {fileID: 0}
    - target: {fileID: 2648680667200612049, guid: 37d8d7eb416eb6f4b9eda8f50f57e4df, type: 3}
      propertyPath: _unselectedColor.r
      value: 0
      objectReference: {fileID: 0}
    - target: {fileID: 2648680667200612049, guid: 37d8d7eb416eb6f4b9eda8f50f57e4df, type: 3}
      propertyPath: _unselectedColor.g
      value: 1
      objectReference: {fileID: 0}
    - target: {fileID: 2648680667200612049, guid: 37d8d7eb416eb6f4b9eda8f50f57e4df, type: 3}
      propertyPath: _unselectedColor.b
      value: 0.9898968
      objectReference: {fileID: 0}
    - target: {fileID: 2648680667200612049, guid: 37d8d7eb416eb6f4b9eda8f50f57e4df, type: 3}
      propertyPath: _possibleWaypoints.Array.data[0]
      value: 
      objectReference: {fileID: 185180583}
    - target: {fileID: 2648680667200612049, guid: 37d8d7eb416eb6f4b9eda8f50f57e4df, type: 3}
      propertyPath: _possibleWaypoints.Array.data[1]
      value: 
      objectReference: {fileID: 699534966}
    - target: {fileID: 2648680667200612049, guid: 37d8d7eb416eb6f4b9eda8f50f57e4df, type: 3}
      propertyPath: _possibleWaypoints.Array.data[2]
      value: 
      objectReference: {fileID: 477911261}
    - target: {fileID: 6950313644908849576, guid: 37d8d7eb416eb6f4b9eda8f50f57e4df, type: 3}
      propertyPath: m_Name
      value: TrafficLightWaypoint (2)
      objectReference: {fileID: 0}
    m_RemovedComponents: []
  m_SourcePrefab: {fileID: 100100000, guid: 37d8d7eb416eb6f4b9eda8f50f57e4df, type: 3}
--- !u!114 &121097710 stripped
MonoBehaviour:
  m_CorrespondingSourceObject: {fileID: 2648680667200612049, guid: 37d8d7eb416eb6f4b9eda8f50f57e4df, type: 3}
  m_PrefabInstance: {fileID: 121097709}
  m_PrefabAsset: {fileID: 0}
  m_GameObject: {fileID: 0}
  m_Enabled: 1
  m_EditorHideFlags: 0
  m_Script: {fileID: 11500000, guid: b82228af09eb5fd4c9c7c4c45cd72bf6, type: 3}
  m_Name: 
  m_EditorClassIdentifier: 
--- !u!4 &121097711 stripped
Transform:
  m_CorrespondingSourceObject: {fileID: 187796570584822673, guid: 37d8d7eb416eb6f4b9eda8f50f57e4df, type: 3}
  m_PrefabInstance: {fileID: 121097709}
  m_PrefabAsset: {fileID: 0}
--- !u!1001 &185180582
PrefabInstance:
  m_ObjectHideFlags: 0
  serializedVersion: 2
  m_Modification:
    m_TransformParent: {fileID: 2086382546}
    m_Modifications:
    - target: {fileID: 866063588971714403, guid: 67d57c1b8e71d34448fa1857bf5f3abf, type: 3}
      propertyPath: m_LocalPosition.x
      value: -1
      objectReference: {fileID: 0}
    - target: {fileID: 866063588971714403, guid: 67d57c1b8e71d34448fa1857bf5f3abf, type: 3}
      propertyPath: m_LocalPosition.y
      value: 0
      objectReference: {fileID: 0}
    - target: {fileID: 866063588971714403, guid: 67d57c1b8e71d34448fa1857bf5f3abf, type: 3}
      propertyPath: m_LocalPosition.z
      value: -5
      objectReference: {fileID: 0}
    - target: {fileID: 866063588971714403, guid: 67d57c1b8e71d34448fa1857bf5f3abf, type: 3}
      propertyPath: m_LocalRotation.x
      value: 0
      objectReference: {fileID: 0}
    - target: {fileID: 866063588971714403, guid: 67d57c1b8e71d34448fa1857bf5f3abf, type: 3}
      propertyPath: m_LocalRotation.y
      value: 0
      objectReference: {fileID: 0}
    - target: {fileID: 866063588971714403, guid: 67d57c1b8e71d34448fa1857bf5f3abf, type: 3}
      propertyPath: m_LocalRotation.z
      value: 0
      objectReference: {fileID: 0}
    - target: {fileID: 866063588971714403, guid: 67d57c1b8e71d34448fa1857bf5f3abf, type: 3}
      propertyPath: m_LocalRotation.w
      value: 1
      objectReference: {fileID: 0}
    - target: {fileID: 866063588971714403, guid: 67d57c1b8e71d34448fa1857bf5f3abf, type: 3}
      propertyPath: m_RootOrder
      value: 4
      objectReference: {fileID: 0}
    - target: {fileID: 866063588971714403, guid: 67d57c1b8e71d34448fa1857bf5f3abf, type: 3}
      propertyPath: m_LocalEulerAnglesHint.x
      value: 0
      objectReference: {fileID: 0}
    - target: {fileID: 866063588971714403, guid: 67d57c1b8e71d34448fa1857bf5f3abf, type: 3}
      propertyPath: m_LocalEulerAnglesHint.y
      value: 0
      objectReference: {fileID: 0}
    - target: {fileID: 866063588971714403, guid: 67d57c1b8e71d34448fa1857bf5f3abf, type: 3}
      propertyPath: m_LocalEulerAnglesHint.z
      value: 0
      objectReference: {fileID: 0}
    - target: {fileID: 8633750453136060853, guid: 67d57c1b8e71d34448fa1857bf5f3abf, type: 3}
      propertyPath: _nextWaypoint
      value: 
      objectReference: {fileID: 116476837}
    - target: {fileID: 8834940971312983385, guid: 67d57c1b8e71d34448fa1857bf5f3abf, type: 3}
      propertyPath: m_Name
      value: Waypoint (5)
      objectReference: {fileID: 0}
    m_RemovedComponents: []
  m_SourcePrefab: {fileID: 100100000, guid: 67d57c1b8e71d34448fa1857bf5f3abf, type: 3}
--- !u!114 &185180583 stripped
MonoBehaviour:
  m_CorrespondingSourceObject: {fileID: 8633750453136060853, guid: 67d57c1b8e71d34448fa1857bf5f3abf, type: 3}
  m_PrefabInstance: {fileID: 185180582}
  m_PrefabAsset: {fileID: 0}
  m_GameObject: {fileID: 0}
  m_Enabled: 1
  m_EditorHideFlags: 0
  m_Script: {fileID: 11500000, guid: b141750904154aa4599cceff2e0bf559, type: 3}
  m_Name: 
  m_EditorClassIdentifier: 
--- !u!4 &185180584 stripped
Transform:
  m_CorrespondingSourceObject: {fileID: 866063588971714403, guid: 67d57c1b8e71d34448fa1857bf5f3abf, type: 3}
  m_PrefabInstance: {fileID: 185180582}
  m_PrefabAsset: {fileID: 0}
--- !u!1001 &247999910
PrefabInstance:
  m_ObjectHideFlags: 0
  serializedVersion: 2
  m_Modification:
    m_TransformParent: {fileID: 2086382546}
    m_Modifications:
    - target: {fileID: 866063588971714403, guid: 67d57c1b8e71d34448fa1857bf5f3abf, type: 3}
      propertyPath: m_LocalPosition.x
      value: 1
      objectReference: {fileID: 0}
    - target: {fileID: 866063588971714403, guid: 67d57c1b8e71d34448fa1857bf5f3abf, type: 3}
      propertyPath: m_LocalPosition.y
      value: 0
      objectReference: {fileID: 0}
    - target: {fileID: 866063588971714403, guid: 67d57c1b8e71d34448fa1857bf5f3abf, type: 3}
      propertyPath: m_LocalPosition.z
      value: 5
      objectReference: {fileID: 0}
    - target: {fileID: 866063588971714403, guid: 67d57c1b8e71d34448fa1857bf5f3abf, type: 3}
      propertyPath: m_LocalRotation.x
      value: 0
      objectReference: {fileID: 0}
    - target: {fileID: 866063588971714403, guid: 67d57c1b8e71d34448fa1857bf5f3abf, type: 3}
      propertyPath: m_LocalRotation.y
      value: 0
      objectReference: {fileID: 0}
    - target: {fileID: 866063588971714403, guid: 67d57c1b8e71d34448fa1857bf5f3abf, type: 3}
      propertyPath: m_LocalRotation.z
      value: 0
      objectReference: {fileID: 0}
    - target: {fileID: 866063588971714403, guid: 67d57c1b8e71d34448fa1857bf5f3abf, type: 3}
      propertyPath: m_LocalRotation.w
      value: 1
      objectReference: {fileID: 0}
    - target: {fileID: 866063588971714403, guid: 67d57c1b8e71d34448fa1857bf5f3abf, type: 3}
      propertyPath: m_RootOrder
      value: 3
      objectReference: {fileID: 0}
    - target: {fileID: 866063588971714403, guid: 67d57c1b8e71d34448fa1857bf5f3abf, type: 3}
      propertyPath: m_LocalEulerAnglesHint.x
      value: 0
      objectReference: {fileID: 0}
    - target: {fileID: 866063588971714403, guid: 67d57c1b8e71d34448fa1857bf5f3abf, type: 3}
      propertyPath: m_LocalEulerAnglesHint.y
      value: 0
      objectReference: {fileID: 0}
    - target: {fileID: 866063588971714403, guid: 67d57c1b8e71d34448fa1857bf5f3abf, type: 3}
      propertyPath: m_LocalEulerAnglesHint.z
      value: 0
      objectReference: {fileID: 0}
    - target: {fileID: 8633750453136060853, guid: 67d57c1b8e71d34448fa1857bf5f3abf, type: 3}
      propertyPath: _nextWaypoint
      value: 
      objectReference: {fileID: 674971820}
    - target: {fileID: 8834940971312983385, guid: 67d57c1b8e71d34448fa1857bf5f3abf, type: 3}
      propertyPath: m_Name
      value: Waypoint (4)
      objectReference: {fileID: 0}
    m_RemovedComponents: []
  m_SourcePrefab: {fileID: 100100000, guid: 67d57c1b8e71d34448fa1857bf5f3abf, type: 3}
--- !u!4 &247999911 stripped
Transform:
  m_CorrespondingSourceObject: {fileID: 866063588971714403, guid: 67d57c1b8e71d34448fa1857bf5f3abf, type: 3}
  m_PrefabInstance: {fileID: 247999910}
  m_PrefabAsset: {fileID: 0}
--- !u!114 &247999912 stripped
MonoBehaviour:
  m_CorrespondingSourceObject: {fileID: 8633750453136060853, guid: 67d57c1b8e71d34448fa1857bf5f3abf, type: 3}
  m_PrefabInstance: {fileID: 247999910}
  m_PrefabAsset: {fileID: 0}
  m_GameObject: {fileID: 0}
  m_Enabled: 1
  m_EditorHideFlags: 0
  m_Script: {fileID: 11500000, guid: b141750904154aa4599cceff2e0bf559, type: 3}
  m_Name: 
  m_EditorClassIdentifier: 
--- !u!1001 &335765718
PrefabInstance:
  m_ObjectHideFlags: 0
  serializedVersion: 2
  m_Modification:
    m_TransformParent: {fileID: 0}
    m_Modifications:
    - target: {fileID: 2861218098915582613, guid: 264dd9c684d80a843aba2acd9748daa6, type: 3}
      propertyPath: m_LocalPosition.x
      value: 0
      objectReference: {fileID: 0}
    - target: {fileID: 2861218098915582613, guid: 264dd9c684d80a843aba2acd9748daa6, type: 3}
      propertyPath: m_LocalPosition.y
      value: 0.5
      objectReference: {fileID: 0}
    - target: {fileID: 2861218098915582613, guid: 264dd9c684d80a843aba2acd9748daa6, type: 3}
      propertyPath: m_LocalPosition.z
      value: 0
      objectReference: {fileID: 0}
    - target: {fileID: 2861218098915582613, guid: 264dd9c684d80a843aba2acd9748daa6, type: 3}
      propertyPath: m_LocalRotation.x
      value: 0
      objectReference: {fileID: 0}
    - target: {fileID: 2861218098915582613, guid: 264dd9c684d80a843aba2acd9748daa6, type: 3}
      propertyPath: m_LocalRotation.y
      value: 0
      objectReference: {fileID: 0}
    - target: {fileID: 2861218098915582613, guid: 264dd9c684d80a843aba2acd9748daa6, type: 3}
      propertyPath: m_LocalRotation.z
      value: 0
      objectReference: {fileID: 0}
    - target: {fileID: 2861218098915582613, guid: 264dd9c684d80a843aba2acd9748daa6, type: 3}
      propertyPath: m_LocalRotation.w
      value: 1
      objectReference: {fileID: 0}
    - target: {fileID: 2861218098915582613, guid: 264dd9c684d80a843aba2acd9748daa6, type: 3}
      propertyPath: m_RootOrder
      value: 8
      objectReference: {fileID: 0}
    - target: {fileID: 2861218098915582613, guid: 264dd9c684d80a843aba2acd9748daa6, type: 3}
      propertyPath: m_LocalEulerAnglesHint.x
      value: 0
      objectReference: {fileID: 0}
    - target: {fileID: 2861218098915582613, guid: 264dd9c684d80a843aba2acd9748daa6, type: 3}
      propertyPath: m_LocalEulerAnglesHint.y
      value: 0
      objectReference: {fileID: 0}
    - target: {fileID: 2861218098915582613, guid: 264dd9c684d80a843aba2acd9748daa6, type: 3}
      propertyPath: m_LocalEulerAnglesHint.z
      value: 0
      objectReference: {fileID: 0}
    - target: {fileID: 2861218098915582614, guid: 264dd9c684d80a843aba2acd9748daa6, type: 3}
      propertyPath: _startWaypoint
      value: 
      objectReference: {fileID: 976138222}
    - target: {fileID: 2861218098915582614, guid: 264dd9c684d80a843aba2acd9748daa6, type: 3}
      propertyPath: _vehicleContainer
      value: 
      objectReference: {fileID: 445396951}
    - target: {fileID: 2861218098915582615, guid: 264dd9c684d80a843aba2acd9748daa6, type: 3}
      propertyPath: m_Name
      value: VehicleSpawner
      objectReference: {fileID: 0}
    m_RemovedComponents: []
  m_SourcePrefab: {fileID: 100100000, guid: 264dd9c684d80a843aba2acd9748daa6, type: 3}
--- !u!1001 &416629879
PrefabInstance:
  m_ObjectHideFlags: 0
  serializedVersion: 2
  m_Modification:
    m_TransformParent: {fileID: 2086382546}
    m_Modifications:
    - target: {fileID: 866063588971714403, guid: 67d57c1b8e71d34448fa1857bf5f3abf, type: 3}
      propertyPath: m_LocalPosition.x
      value: -20
      objectReference: {fileID: 0}
    - target: {fileID: 866063588971714403, guid: 67d57c1b8e71d34448fa1857bf5f3abf, type: 3}
      propertyPath: m_LocalPosition.y
      value: 0
      objectReference: {fileID: 0}
    - target: {fileID: 866063588971714403, guid: 67d57c1b8e71d34448fa1857bf5f3abf, type: 3}
      propertyPath: m_LocalPosition.z
      value: 1
      objectReference: {fileID: 0}
    - target: {fileID: 866063588971714403, guid: 67d57c1b8e71d34448fa1857bf5f3abf, type: 3}
      propertyPath: m_LocalRotation.x
      value: 0
      objectReference: {fileID: 0}
    - target: {fileID: 866063588971714403, guid: 67d57c1b8e71d34448fa1857bf5f3abf, type: 3}
      propertyPath: m_LocalRotation.y
      value: 0
      objectReference: {fileID: 0}
    - target: {fileID: 866063588971714403, guid: 67d57c1b8e71d34448fa1857bf5f3abf, type: 3}
      propertyPath: m_LocalRotation.z
      value: 0
      objectReference: {fileID: 0}
    - target: {fileID: 866063588971714403, guid: 67d57c1b8e71d34448fa1857bf5f3abf, type: 3}
      propertyPath: m_LocalRotation.w
      value: 1
      objectReference: {fileID: 0}
    - target: {fileID: 866063588971714403, guid: 67d57c1b8e71d34448fa1857bf5f3abf, type: 3}
      propertyPath: m_RootOrder
      value: 6
      objectReference: {fileID: 0}
    - target: {fileID: 866063588971714403, guid: 67d57c1b8e71d34448fa1857bf5f3abf, type: 3}
      propertyPath: m_LocalEulerAnglesHint.x
      value: 0
      objectReference: {fileID: 0}
    - target: {fileID: 866063588971714403, guid: 67d57c1b8e71d34448fa1857bf5f3abf, type: 3}
      propertyPath: m_LocalEulerAnglesHint.y
      value: 0
      objectReference: {fileID: 0}
    - target: {fileID: 866063588971714403, guid: 67d57c1b8e71d34448fa1857bf5f3abf, type: 3}
      propertyPath: m_LocalEulerAnglesHint.z
      value: 0
      objectReference: {fileID: 0}
    - target: {fileID: 8633750453136060853, guid: 67d57c1b8e71d34448fa1857bf5f3abf, type: 3}
      propertyPath: _nextWaypoint
      value: 
      objectReference: {fileID: 535603188}
    - target: {fileID: 8834940971312983385, guid: 67d57c1b8e71d34448fa1857bf5f3abf, type: 3}
      propertyPath: m_Name
      value: Waypoint (7)
      objectReference: {fileID: 0}
    m_RemovedComponents: []
  m_SourcePrefab: {fileID: 100100000, guid: 67d57c1b8e71d34448fa1857bf5f3abf, type: 3}
--- !u!4 &416629880 stripped
Transform:
  m_CorrespondingSourceObject: {fileID: 866063588971714403, guid: 67d57c1b8e71d34448fa1857bf5f3abf, type: 3}
  m_PrefabInstance: {fileID: 416629879}
  m_PrefabAsset: {fileID: 0}
--- !u!114 &416629881 stripped
MonoBehaviour:
  m_CorrespondingSourceObject: {fileID: 8633750453136060853, guid: 67d57c1b8e71d34448fa1857bf5f3abf, type: 3}
  m_PrefabInstance: {fileID: 416629879}
  m_PrefabAsset: {fileID: 0}
  m_GameObject: {fileID: 0}
  m_Enabled: 1
  m_EditorHideFlags: 0
  m_Script: {fileID: 11500000, guid: b141750904154aa4599cceff2e0bf559, type: 3}
  m_Name: 
  m_EditorClassIdentifier: 
--- !u!1 &445396951
GameObject:
  m_ObjectHideFlags: 0
  m_CorrespondingSourceObject: {fileID: 0}
  m_PrefabInstance: {fileID: 0}
  m_PrefabAsset: {fileID: 0}
  serializedVersion: 6
  m_Component:
  - component: {fileID: 445396952}
  m_Layer: 0
  m_Name: Vehicles
  m_TagString: Untagged
  m_Icon: {fileID: 0}
  m_NavMeshLayer: 0
  m_StaticEditorFlags: 0
  m_IsActive: 1
--- !u!4 &445396952
Transform:
  m_ObjectHideFlags: 0
  m_CorrespondingSourceObject: {fileID: 0}
  m_PrefabInstance: {fileID: 0}
  m_PrefabAsset: {fileID: 0}
  m_GameObject: {fileID: 445396951}
  m_LocalRotation: {x: -0, y: -0, z: -0, w: 1}
  m_LocalPosition: {x: 0, y: 0, z: 0}
  m_LocalScale: {x: 1, y: 1, z: 1}
  m_Children: []
  m_Father: {fileID: 0}
  m_RootOrder: 6
  m_LocalEulerAnglesHint: {x: 0, y: 0, z: 0}
--- !u!1001 &477911259
PrefabInstance:
  m_ObjectHideFlags: 0
  serializedVersion: 2
  m_Modification:
    m_TransformParent: {fileID: 2086382546}
    m_Modifications:
    - target: {fileID: 866063588971714403, guid: 67d57c1b8e71d34448fa1857bf5f3abf, type: 3}
      propertyPath: m_LocalPosition.x
      value: -5
      objectReference: {fileID: 0}
    - target: {fileID: 866063588971714403, guid: 67d57c1b8e71d34448fa1857bf5f3abf, type: 3}
      propertyPath: m_LocalPosition.y
      value: 0
      objectReference: {fileID: 0}
    - target: {fileID: 866063588971714403, guid: 67d57c1b8e71d34448fa1857bf5f3abf, type: 3}
      propertyPath: m_LocalPosition.z
      value: 1
      objectReference: {fileID: 0}
    - target: {fileID: 866063588971714403, guid: 67d57c1b8e71d34448fa1857bf5f3abf, type: 3}
      propertyPath: m_LocalRotation.x
      value: 0
      objectReference: {fileID: 0}
    - target: {fileID: 866063588971714403, guid: 67d57c1b8e71d34448fa1857bf5f3abf, type: 3}
      propertyPath: m_LocalRotation.y
      value: 0
      objectReference: {fileID: 0}
    - target: {fileID: 866063588971714403, guid: 67d57c1b8e71d34448fa1857bf5f3abf, type: 3}
      propertyPath: m_LocalRotation.z
      value: 0
      objectReference: {fileID: 0}
    - target: {fileID: 866063588971714403, guid: 67d57c1b8e71d34448fa1857bf5f3abf, type: 3}
      propertyPath: m_LocalRotation.w
      value: 1
      objectReference: {fileID: 0}
    - target: {fileID: 866063588971714403, guid: 67d57c1b8e71d34448fa1857bf5f3abf, type: 3}
      propertyPath: m_RootOrder
      value: 2
      objectReference: {fileID: 0}
    - target: {fileID: 866063588971714403, guid: 67d57c1b8e71d34448fa1857bf5f3abf, type: 3}
      propertyPath: m_LocalEulerAnglesHint.x
      value: 0
      objectReference: {fileID: 0}
    - target: {fileID: 866063588971714403, guid: 67d57c1b8e71d34448fa1857bf5f3abf, type: 3}
      propertyPath: m_LocalEulerAnglesHint.y
      value: 0
      objectReference: {fileID: 0}
    - target: {fileID: 866063588971714403, guid: 67d57c1b8e71d34448fa1857bf5f3abf, type: 3}
      propertyPath: m_LocalEulerAnglesHint.z
      value: 0
      objectReference: {fileID: 0}
    - target: {fileID: 8633750453136060853, guid: 67d57c1b8e71d34448fa1857bf5f3abf, type: 3}
      propertyPath: _nextWaypoint
      value: 
      objectReference: {fileID: 416629881}
    - target: {fileID: 8834940971312983385, guid: 67d57c1b8e71d34448fa1857bf5f3abf, type: 3}
      propertyPath: m_Name
      value: Waypoint (3)
      objectReference: {fileID: 0}
    m_RemovedComponents: []
  m_SourcePrefab: {fileID: 100100000, guid: 67d57c1b8e71d34448fa1857bf5f3abf, type: 3}
--- !u!4 &477911260 stripped
Transform:
  m_CorrespondingSourceObject: {fileID: 866063588971714403, guid: 67d57c1b8e71d34448fa1857bf5f3abf, type: 3}
  m_PrefabInstance: {fileID: 477911259}
  m_PrefabAsset: {fileID: 0}
--- !u!114 &477911261 stripped
MonoBehaviour:
  m_CorrespondingSourceObject: {fileID: 8633750453136060853, guid: 67d57c1b8e71d34448fa1857bf5f3abf, type: 3}
  m_PrefabInstance: {fileID: 477911259}
  m_PrefabAsset: {fileID: 0}
  m_GameObject: {fileID: 0}
  m_Enabled: 1
  m_EditorHideFlags: 0
  m_Script: {fileID: 11500000, guid: b141750904154aa4599cceff2e0bf559, type: 3}
  m_Name: 
  m_EditorClassIdentifier: 
--- !u!1001 &535603186
PrefabInstance:
  m_ObjectHideFlags: 0
  serializedVersion: 2
  m_Modification:
    m_TransformParent: {fileID: 2086382546}
    m_Modifications:
    - target: {fileID: 866063588971714403, guid: 67d57c1b8e71d34448fa1857bf5f3abf, type: 3}
      propertyPath: m_LocalPosition.x
      value: -20
      objectReference: {fileID: 0}
    - target: {fileID: 866063588971714403, guid: 67d57c1b8e71d34448fa1857bf5f3abf, type: 3}
      propertyPath: m_LocalPosition.y
      value: 0
      objectReference: {fileID: 0}
    - target: {fileID: 866063588971714403, guid: 67d57c1b8e71d34448fa1857bf5f3abf, type: 3}
      propertyPath: m_LocalPosition.z
      value: 20
      objectReference: {fileID: 0}
    - target: {fileID: 866063588971714403, guid: 67d57c1b8e71d34448fa1857bf5f3abf, type: 3}
      propertyPath: m_LocalRotation.x
      value: 0
      objectReference: {fileID: 0}
    - target: {fileID: 866063588971714403, guid: 67d57c1b8e71d34448fa1857bf5f3abf, type: 3}
      propertyPath: m_LocalRotation.y
      value: 0
      objectReference: {fileID: 0}
    - target: {fileID: 866063588971714403, guid: 67d57c1b8e71d34448fa1857bf5f3abf, type: 3}
      propertyPath: m_LocalRotation.z
      value: 0
      objectReference: {fileID: 0}
    - target: {fileID: 866063588971714403, guid: 67d57c1b8e71d34448fa1857bf5f3abf, type: 3}
      propertyPath: m_LocalRotation.w
      value: 1
      objectReference: {fileID: 0}
    - target: {fileID: 866063588971714403, guid: 67d57c1b8e71d34448fa1857bf5f3abf, type: 3}
      propertyPath: m_RootOrder
      value: 5
      objectReference: {fileID: 0}
    - target: {fileID: 866063588971714403, guid: 67d57c1b8e71d34448fa1857bf5f3abf, type: 3}
      propertyPath: m_LocalEulerAnglesHint.x
      value: 0
      objectReference: {fileID: 0}
    - target: {fileID: 866063588971714403, guid: 67d57c1b8e71d34448fa1857bf5f3abf, type: 3}
      propertyPath: m_LocalEulerAnglesHint.y
      value: 0
      objectReference: {fileID: 0}
    - target: {fileID: 866063588971714403, guid: 67d57c1b8e71d34448fa1857bf5f3abf, type: 3}
      propertyPath: m_LocalEulerAnglesHint.z
      value: 0
      objectReference: {fileID: 0}
    - target: {fileID: 8633750453136060853, guid: 67d57c1b8e71d34448fa1857bf5f3abf, type: 3}
      propertyPath: _nextWaypoint
      value: 
      objectReference: {fileID: 1656070330}
    - target: {fileID: 8834940971312983385, guid: 67d57c1b8e71d34448fa1857bf5f3abf, type: 3}
      propertyPath: m_Name
      value: Waypoint (6)
      objectReference: {fileID: 0}
    m_RemovedComponents: []
  m_SourcePrefab: {fileID: 100100000, guid: 67d57c1b8e71d34448fa1857bf5f3abf, type: 3}
--- !u!4 &535603187 stripped
Transform:
  m_CorrespondingSourceObject: {fileID: 866063588971714403, guid: 67d57c1b8e71d34448fa1857bf5f3abf, type: 3}
  m_PrefabInstance: {fileID: 535603186}
  m_PrefabAsset: {fileID: 0}
--- !u!114 &535603188 stripped
MonoBehaviour:
  m_CorrespondingSourceObject: {fileID: 8633750453136060853, guid: 67d57c1b8e71d34448fa1857bf5f3abf, type: 3}
  m_PrefabInstance: {fileID: 535603186}
  m_PrefabAsset: {fileID: 0}
  m_GameObject: {fileID: 0}
  m_Enabled: 1
  m_EditorHideFlags: 0
  m_Script: {fileID: 11500000, guid: b141750904154aa4599cceff2e0bf559, type: 3}
  m_Name: 
  m_EditorClassIdentifier: 
--- !u!1001 &555490963
PrefabInstance:
  m_ObjectHideFlags: 0
  serializedVersion: 2
  m_Modification:
    m_TransformParent: {fileID: 2086382546}
    m_Modifications:
    - target: {fileID: 866063588971714403, guid: 67d57c1b8e71d34448fa1857bf5f3abf, type: 3}
      propertyPath: m_LocalPosition.x
      value: 20
      objectReference: {fileID: 0}
    - target: {fileID: 866063588971714403, guid: 67d57c1b8e71d34448fa1857bf5f3abf, type: 3}
      propertyPath: m_LocalPosition.y
      value: 0
      objectReference: {fileID: 0}
    - target: {fileID: 866063588971714403, guid: 67d57c1b8e71d34448fa1857bf5f3abf, type: 3}
      propertyPath: m_LocalPosition.z
      value: 20
      objectReference: {fileID: 0}
    - target: {fileID: 866063588971714403, guid: 67d57c1b8e71d34448fa1857bf5f3abf, type: 3}
      propertyPath: m_LocalRotation.x
      value: 0
      objectReference: {fileID: 0}
    - target: {fileID: 866063588971714403, guid: 67d57c1b8e71d34448fa1857bf5f3abf, type: 3}
      propertyPath: m_LocalRotation.y
      value: 0
      objectReference: {fileID: 0}
    - target: {fileID: 866063588971714403, guid: 67d57c1b8e71d34448fa1857bf5f3abf, type: 3}
      propertyPath: m_LocalRotation.z
      value: 0
      objectReference: {fileID: 0}
    - target: {fileID: 866063588971714403, guid: 67d57c1b8e71d34448fa1857bf5f3abf, type: 3}
      propertyPath: m_LocalRotation.w
      value: 1
      objectReference: {fileID: 0}
    - target: {fileID: 866063588971714403, guid: 67d57c1b8e71d34448fa1857bf5f3abf, type: 3}
      propertyPath: m_RootOrder
      value: 7
      objectReference: {fileID: 0}
    - target: {fileID: 866063588971714403, guid: 67d57c1b8e71d34448fa1857bf5f3abf, type: 3}
      propertyPath: m_LocalEulerAnglesHint.x
      value: 0
      objectReference: {fileID: 0}
    - target: {fileID: 866063588971714403, guid: 67d57c1b8e71d34448fa1857bf5f3abf, type: 3}
      propertyPath: m_LocalEulerAnglesHint.y
      value: 0
      objectReference: {fileID: 0}
    - target: {fileID: 866063588971714403, guid: 67d57c1b8e71d34448fa1857bf5f3abf, type: 3}
      propertyPath: m_LocalEulerAnglesHint.z
      value: 0
      objectReference: {fileID: 0}
    - target: {fileID: 8633750453136060853, guid: 67d57c1b8e71d34448fa1857bf5f3abf, type: 3}
      propertyPath: _nextWaypoint
      value: 
      objectReference: {fileID: 1624202838}
    - target: {fileID: 8834940971312983385, guid: 67d57c1b8e71d34448fa1857bf5f3abf, type: 3}
      propertyPath: m_Name
      value: Waypoint (8)
      objectReference: {fileID: 0}
    m_RemovedComponents: []
  m_SourcePrefab: {fileID: 100100000, guid: 67d57c1b8e71d34448fa1857bf5f3abf, type: 3}
--- !u!4 &555490964 stripped
Transform:
  m_CorrespondingSourceObject: {fileID: 866063588971714403, guid: 67d57c1b8e71d34448fa1857bf5f3abf, type: 3}
  m_PrefabInstance: {fileID: 555490963}
  m_PrefabAsset: {fileID: 0}
--- !u!114 &555490965 stripped
MonoBehaviour:
  m_CorrespondingSourceObject: {fileID: 8633750453136060853, guid: 67d57c1b8e71d34448fa1857bf5f3abf, type: 3}
  m_PrefabInstance: {fileID: 555490963}
  m_PrefabAsset: {fileID: 0}
  m_GameObject: {fileID: 0}
  m_Enabled: 1
  m_EditorHideFlags: 0
  m_Script: {fileID: 11500000, guid: b141750904154aa4599cceff2e0bf559, type: 3}
  m_Name: 
  m_EditorClassIdentifier: 
--- !u!1 &570644189
GameObject:
  m_ObjectHideFlags: 0
  m_CorrespondingSourceObject: {fileID: 0}
  m_PrefabInstance: {fileID: 0}
  m_PrefabAsset: {fileID: 0}
  serializedVersion: 6
  m_Component:
  - component: {fileID: 570644190}
  m_Layer: 0
  m_Name: -----Managers-----
  m_TagString: EditorOnly
  m_Icon: {fileID: 0}
  m_NavMeshLayer: 0
  m_StaticEditorFlags: 0
  m_IsActive: 1
--- !u!4 &570644190
Transform:
  m_ObjectHideFlags: 0
  m_CorrespondingSourceObject: {fileID: 0}
  m_PrefabInstance: {fileID: 0}
  m_PrefabAsset: {fileID: 0}
  m_GameObject: {fileID: 570644189}
  m_LocalRotation: {x: 0, y: 0, z: 0, w: 1}
  m_LocalPosition: {x: 0, y: 0, z: 0}
  m_LocalScale: {x: 1, y: 1, z: 1}
  m_Children: []
  m_Father: {fileID: 0}
  m_RootOrder: 7
  m_LocalEulerAnglesHint: {x: 0, y: 0, z: 0}
--- !u!1 &601841348
GameObject:
  m_ObjectHideFlags: 0
  m_CorrespondingSourceObject: {fileID: 0}
  m_PrefabInstance: {fileID: 0}
  m_PrefabAsset: {fileID: 0}
  serializedVersion: 6
  m_Component:
  - component: {fileID: 601841351}
  - component: {fileID: 601841350}
  - component: {fileID: 601841349}
  m_Layer: 0
  m_Name: Main Camera
  m_TagString: MainCamera
  m_Icon: {fileID: 0}
  m_NavMeshLayer: 0
  m_StaticEditorFlags: 0
  m_IsActive: 1
--- !u!81 &601841349
AudioListener:
  m_ObjectHideFlags: 0
  m_CorrespondingSourceObject: {fileID: 0}
  m_PrefabInstance: {fileID: 0}
  m_PrefabAsset: {fileID: 0}
  m_GameObject: {fileID: 601841348}
  m_Enabled: 1
--- !u!20 &601841350
Camera:
  m_ObjectHideFlags: 0
  m_CorrespondingSourceObject: {fileID: 0}
  m_PrefabInstance: {fileID: 0}
  m_PrefabAsset: {fileID: 0}
  m_GameObject: {fileID: 601841348}
  m_Enabled: 1
  serializedVersion: 2
  m_ClearFlags: 1
  m_BackGroundColor: {r: 0.19215687, g: 0.3019608, b: 0.4745098, a: 0}
  m_projectionMatrixMode: 1
  m_GateFitMode: 2
  m_FOVAxisMode: 0
  m_SensorSize: {x: 36, y: 24}
  m_LensShift: {x: 0, y: 0}
  m_FocalLength: 50
  m_NormalizedViewPortRect:
    serializedVersion: 2
    x: 0
    y: 0
    width: 1
    height: 1
  near clip plane: 0.3
  far clip plane: 1000
  field of view: 60
  orthographic: 0
  orthographic size: 5
  m_Depth: -1
  m_CullingMask:
    serializedVersion: 2
    m_Bits: 4294967295
  m_RenderingPath: -1
  m_TargetTexture: {fileID: 0}
  m_TargetDisplay: 0
  m_TargetEye: 3
  m_HDR: 1
  m_AllowMSAA: 1
  m_AllowDynamicResolution: 0
  m_ForceIntoRT: 0
  m_OcclusionCulling: 1
  m_StereoConvergence: 10
  m_StereoSeparation: 0.022
--- !u!4 &601841351
Transform:
  m_ObjectHideFlags: 0
  m_CorrespondingSourceObject: {fileID: 0}
  m_PrefabInstance: {fileID: 0}
  m_PrefabAsset: {fileID: 0}
  m_GameObject: {fileID: 601841348}
  m_LocalRotation: {x: 0, y: 0, z: 0, w: 1}
  m_LocalPosition: {x: 0, y: 1, z: -10}
  m_LocalScale: {x: 1, y: 1, z: 1}
  m_Children: []
  m_Father: {fileID: 0}
  m_RootOrder: 0
  m_LocalEulerAnglesHint: {x: 0, y: 0, z: 0}
--- !u!1 &621625509
GameObject:
  m_ObjectHideFlags: 0
  m_CorrespondingSourceObject: {fileID: 0}
  m_PrefabInstance: {fileID: 0}
  m_PrefabAsset: {fileID: 0}
  serializedVersion: 6
  m_Component:
  - component: {fileID: 621625510}
  m_Layer: 0
  m_Name: ------Traffic------
  m_TagString: EditorOnly
  m_Icon: {fileID: 0}
  m_NavMeshLayer: 0
  m_StaticEditorFlags: 0
  m_IsActive: 1
--- !u!4 &621625510
Transform:
  m_ObjectHideFlags: 0
  m_CorrespondingSourceObject: {fileID: 0}
  m_PrefabInstance: {fileID: 0}
  m_PrefabAsset: {fileID: 0}
  m_GameObject: {fileID: 621625509}
  m_LocalRotation: {x: 0, y: 0, z: 0, w: 1}
  m_LocalPosition: {x: 0, y: 0, z: 0}
  m_LocalScale: {x: 1, y: 1, z: 1}
  m_Children: []
  m_Father: {fileID: 0}
  m_RootOrder: 4
  m_LocalEulerAnglesHint: {x: 0, y: 0, z: 0}
--- !u!1001 &674971819
PrefabInstance:
  m_ObjectHideFlags: 0
  serializedVersion: 2
  m_Modification:
    m_TransformParent: {fileID: 2086382546}
    m_Modifications:
    - target: {fileID: 866063588971714403, guid: 67d57c1b8e71d34448fa1857bf5f3abf, type: 3}
      propertyPath: m_LocalPosition.x
      value: 1
      objectReference: {fileID: 0}
    - target: {fileID: 866063588971714403, guid: 67d57c1b8e71d34448fa1857bf5f3abf, type: 3}
      propertyPath: m_LocalPosition.y
      value: 0
      objectReference: {fileID: 0}
    - target: {fileID: 866063588971714403, guid: 67d57c1b8e71d34448fa1857bf5f3abf, type: 3}
      propertyPath: m_LocalPosition.z
      value: 20
      objectReference: {fileID: 0}
    - target: {fileID: 866063588971714403, guid: 67d57c1b8e71d34448fa1857bf5f3abf, type: 3}
      propertyPath: m_LocalRotation.x
      value: 0
      objectReference: {fileID: 0}
    - target: {fileID: 866063588971714403, guid: 67d57c1b8e71d34448fa1857bf5f3abf, type: 3}
      propertyPath: m_LocalRotation.y
      value: 0
      objectReference: {fileID: 0}
    - target: {fileID: 866063588971714403, guid: 67d57c1b8e71d34448fa1857bf5f3abf, type: 3}
      propertyPath: m_LocalRotation.z
      value: 0
      objectReference: {fileID: 0}
    - target: {fileID: 866063588971714403, guid: 67d57c1b8e71d34448fa1857bf5f3abf, type: 3}
      propertyPath: m_LocalRotation.w
      value: 1
      objectReference: {fileID: 0}
    - target: {fileID: 866063588971714403, guid: 67d57c1b8e71d34448fa1857bf5f3abf, type: 3}
      propertyPath: m_RootOrder
      value: 14
      objectReference: {fileID: 0}
    - target: {fileID: 866063588971714403, guid: 67d57c1b8e71d34448fa1857bf5f3abf, type: 3}
      propertyPath: m_LocalEulerAnglesHint.x
      value: 0
      objectReference: {fileID: 0}
    - target: {fileID: 866063588971714403, guid: 67d57c1b8e71d34448fa1857bf5f3abf, type: 3}
      propertyPath: m_LocalEulerAnglesHint.y
      value: 0
      objectReference: {fileID: 0}
    - target: {fileID: 866063588971714403, guid: 67d57c1b8e71d34448fa1857bf5f3abf, type: 3}
      propertyPath: m_LocalEulerAnglesHint.z
      value: 0
      objectReference: {fileID: 0}
    - target: {fileID: 8633750453136060853, guid: 67d57c1b8e71d34448fa1857bf5f3abf, type: 3}
      propertyPath: _nextWaypoint
      value: 
      objectReference: {fileID: 555490965}
    - target: {fileID: 8834940971312983385, guid: 67d57c1b8e71d34448fa1857bf5f3abf, type: 3}
      propertyPath: m_Name
      value: Waypoint (15)
      objectReference: {fileID: 0}
    m_RemovedComponents: []
  m_SourcePrefab: {fileID: 100100000, guid: 67d57c1b8e71d34448fa1857bf5f3abf, type: 3}
--- !u!114 &674971820 stripped
MonoBehaviour:
  m_CorrespondingSourceObject: {fileID: 8633750453136060853, guid: 67d57c1b8e71d34448fa1857bf5f3abf, type: 3}
  m_PrefabInstance: {fileID: 674971819}
  m_PrefabAsset: {fileID: 0}
  m_GameObject: {fileID: 0}
  m_Enabled: 1
  m_EditorHideFlags: 0
  m_Script: {fileID: 11500000, guid: b141750904154aa4599cceff2e0bf559, type: 3}
  m_Name: 
  m_EditorClassIdentifier: 
--- !u!4 &674971821 stripped
Transform:
  m_CorrespondingSourceObject: {fileID: 866063588971714403, guid: 67d57c1b8e71d34448fa1857bf5f3abf, type: 3}
  m_PrefabInstance: {fileID: 674971819}
  m_PrefabAsset: {fileID: 0}
--- !u!1001 &699534964
PrefabInstance:
  m_ObjectHideFlags: 0
  serializedVersion: 2
  m_Modification:
    m_TransformParent: {fileID: 2086382546}
    m_Modifications:
    - target: {fileID: 866063588971714403, guid: 67d57c1b8e71d34448fa1857bf5f3abf, type: 3}
      propertyPath: m_LocalPosition.x
      value: 5
      objectReference: {fileID: 0}
    - target: {fileID: 866063588971714403, guid: 67d57c1b8e71d34448fa1857bf5f3abf, type: 3}
      propertyPath: m_LocalPosition.y
      value: 0
      objectReference: {fileID: 0}
    - target: {fileID: 866063588971714403, guid: 67d57c1b8e71d34448fa1857bf5f3abf, type: 3}
      propertyPath: m_LocalPosition.z
      value: -1
      objectReference: {fileID: 0}
    - target: {fileID: 866063588971714403, guid: 67d57c1b8e71d34448fa1857bf5f3abf, type: 3}
      propertyPath: m_LocalRotation.x
      value: 0
      objectReference: {fileID: 0}
    - target: {fileID: 866063588971714403, guid: 67d57c1b8e71d34448fa1857bf5f3abf, type: 3}
      propertyPath: m_LocalRotation.y
      value: 0
      objectReference: {fileID: 0}
    - target: {fileID: 866063588971714403, guid: 67d57c1b8e71d34448fa1857bf5f3abf, type: 3}
      propertyPath: m_LocalRotation.z
      value: 0
      objectReference: {fileID: 0}
    - target: {fileID: 866063588971714403, guid: 67d57c1b8e71d34448fa1857bf5f3abf, type: 3}
      propertyPath: m_LocalRotation.w
      value: 1
      objectReference: {fileID: 0}
    - target: {fileID: 866063588971714403, guid: 67d57c1b8e71d34448fa1857bf5f3abf, type: 3}
      propertyPath: m_RootOrder
      value: 1
      objectReference: {fileID: 0}
    - target: {fileID: 866063588971714403, guid: 67d57c1b8e71d34448fa1857bf5f3abf, type: 3}
      propertyPath: m_LocalEulerAnglesHint.x
      value: 0
      objectReference: {fileID: 0}
    - target: {fileID: 866063588971714403, guid: 67d57c1b8e71d34448fa1857bf5f3abf, type: 3}
      propertyPath: m_LocalEulerAnglesHint.y
      value: 0
      objectReference: {fileID: 0}
    - target: {fileID: 866063588971714403, guid: 67d57c1b8e71d34448fa1857bf5f3abf, type: 3}
      propertyPath: m_LocalEulerAnglesHint.z
      value: 0
      objectReference: {fileID: 0}
    - target: {fileID: 8633750453136060853, guid: 67d57c1b8e71d34448fa1857bf5f3abf, type: 3}
      propertyPath: _nextWaypoint
      value: 
      objectReference: {fileID: 1464016585}
    - target: {fileID: 8834940971312983385, guid: 67d57c1b8e71d34448fa1857bf5f3abf, type: 3}
      propertyPath: m_Name
      value: Waypoint (2)
      objectReference: {fileID: 0}
    m_RemovedComponents: []
  m_SourcePrefab: {fileID: 100100000, guid: 67d57c1b8e71d34448fa1857bf5f3abf, type: 3}
--- !u!4 &699534965 stripped
Transform:
  m_CorrespondingSourceObject: {fileID: 866063588971714403, guid: 67d57c1b8e71d34448fa1857bf5f3abf, type: 3}
  m_PrefabInstance: {fileID: 699534964}
  m_PrefabAsset: {fileID: 0}
--- !u!114 &699534966 stripped
MonoBehaviour:
  m_CorrespondingSourceObject: {fileID: 8633750453136060853, guid: 67d57c1b8e71d34448fa1857bf5f3abf, type: 3}
  m_PrefabInstance: {fileID: 699534964}
  m_PrefabAsset: {fileID: 0}
  m_GameObject: {fileID: 0}
  m_Enabled: 1
  m_EditorHideFlags: 0
  m_Script: {fileID: 11500000, guid: b141750904154aa4599cceff2e0bf559, type: 3}
  m_Name: 
  m_EditorClassIdentifier: 
--- !u!1001 &853571827
PrefabInstance:
  m_ObjectHideFlags: 0
  serializedVersion: 2
  m_Modification:
    m_TransformParent: {fileID: 2086382546}
    m_Modifications:
    - target: {fileID: 866063588971714403, guid: 67d57c1b8e71d34448fa1857bf5f3abf, type: 3}
      propertyPath: m_LocalPosition.x
      value: 20
      objectReference: {fileID: 0}
    - target: {fileID: 866063588971714403, guid: 67d57c1b8e71d34448fa1857bf5f3abf, type: 3}
      propertyPath: m_LocalPosition.y
      value: 0
      objectReference: {fileID: 0}
    - target: {fileID: 866063588971714403, guid: 67d57c1b8e71d34448fa1857bf5f3abf, type: 3}
      propertyPath: m_LocalPosition.z
      value: -20
      objectReference: {fileID: 0}
    - target: {fileID: 866063588971714403, guid: 67d57c1b8e71d34448fa1857bf5f3abf, type: 3}
      propertyPath: m_LocalRotation.x
      value: 0
      objectReference: {fileID: 0}
    - target: {fileID: 866063588971714403, guid: 67d57c1b8e71d34448fa1857bf5f3abf, type: 3}
      propertyPath: m_LocalRotation.y
      value: 0
      objectReference: {fileID: 0}
    - target: {fileID: 866063588971714403, guid: 67d57c1b8e71d34448fa1857bf5f3abf, type: 3}
      propertyPath: m_LocalRotation.z
      value: 0
      objectReference: {fileID: 0}
    - target: {fileID: 866063588971714403, guid: 67d57c1b8e71d34448fa1857bf5f3abf, type: 3}
      propertyPath: m_LocalRotation.w
      value: 1
      objectReference: {fileID: 0}
    - target: {fileID: 866063588971714403, guid: 67d57c1b8e71d34448fa1857bf5f3abf, type: 3}
      propertyPath: m_RootOrder
      value: 9
      objectReference: {fileID: 0}
    - target: {fileID: 866063588971714403, guid: 67d57c1b8e71d34448fa1857bf5f3abf, type: 3}
      propertyPath: m_LocalEulerAnglesHint.x
      value: 0
      objectReference: {fileID: 0}
    - target: {fileID: 866063588971714403, guid: 67d57c1b8e71d34448fa1857bf5f3abf, type: 3}
      propertyPath: m_LocalEulerAnglesHint.y
      value: 0
      objectReference: {fileID: 0}
    - target: {fileID: 866063588971714403, guid: 67d57c1b8e71d34448fa1857bf5f3abf, type: 3}
      propertyPath: m_LocalEulerAnglesHint.z
      value: 0
      objectReference: {fileID: 0}
    - target: {fileID: 8633750453136060853, guid: 67d57c1b8e71d34448fa1857bf5f3abf, type: 3}
      propertyPath: _nextWaypoint
      value: 
      objectReference: {fileID: 976138222}
    - target: {fileID: 8834940971312983385, guid: 67d57c1b8e71d34448fa1857bf5f3abf, type: 3}
      propertyPath: m_Name
      value: Waypoint (10)
      objectReference: {fileID: 0}
    m_RemovedComponents: []
  m_SourcePrefab: {fileID: 100100000, guid: 67d57c1b8e71d34448fa1857bf5f3abf, type: 3}
--- !u!4 &853571828 stripped
Transform:
  m_CorrespondingSourceObject: {fileID: 866063588971714403, guid: 67d57c1b8e71d34448fa1857bf5f3abf, type: 3}
  m_PrefabInstance: {fileID: 853571827}
  m_PrefabAsset: {fileID: 0}
--- !u!114 &853571829 stripped
MonoBehaviour:
  m_CorrespondingSourceObject: {fileID: 8633750453136060853, guid: 67d57c1b8e71d34448fa1857bf5f3abf, type: 3}
  m_PrefabInstance: {fileID: 853571827}
  m_PrefabAsset: {fileID: 0}
  m_GameObject: {fileID: 0}
  m_Enabled: 1
  m_EditorHideFlags: 0
  m_Script: {fileID: 11500000, guid: b141750904154aa4599cceff2e0bf559, type: 3}
  m_Name: 
  m_EditorClassIdentifier: 
--- !u!1001 &959326842
PrefabInstance:
  m_ObjectHideFlags: 0
  serializedVersion: 2
  m_Modification:
    m_TransformParent: {fileID: 2086382546}
    m_Modifications:
    - target: {fileID: 187796570584822673, guid: 37d8d7eb416eb6f4b9eda8f50f57e4df, type: 3}
      propertyPath: m_LocalPosition.x
      value: 1
      objectReference: {fileID: 0}
    - target: {fileID: 187796570584822673, guid: 37d8d7eb416eb6f4b9eda8f50f57e4df, type: 3}
      propertyPath: m_LocalPosition.y
      value: 0
      objectReference: {fileID: 0}
    - target: {fileID: 187796570584822673, guid: 37d8d7eb416eb6f4b9eda8f50f57e4df, type: 3}
      propertyPath: m_LocalPosition.z
      value: -5
      objectReference: {fileID: 0}
    - target: {fileID: 187796570584822673, guid: 37d8d7eb416eb6f4b9eda8f50f57e4df, type: 3}
      propertyPath: m_LocalRotation.x
      value: 0
      objectReference: {fileID: 0}
    - target: {fileID: 187796570584822673, guid: 37d8d7eb416eb6f4b9eda8f50f57e4df, type: 3}
      propertyPath: m_LocalRotation.y
      value: 0
      objectReference: {fileID: 0}
    - target: {fileID: 187796570584822673, guid: 37d8d7eb416eb6f4b9eda8f50f57e4df, type: 3}
      propertyPath: m_LocalRotation.z
      value: 0
      objectReference: {fileID: 0}
    - target: {fileID: 187796570584822673, guid: 37d8d7eb416eb6f4b9eda8f50f57e4df, type: 3}
      propertyPath: m_LocalRotation.w
      value: 1
      objectReference: {fileID: 0}
    - target: {fileID: 187796570584822673, guid: 37d8d7eb416eb6f4b9eda8f50f57e4df, type: 3}
      propertyPath: m_RootOrder
      value: 16
      objectReference: {fileID: 0}
    - target: {fileID: 187796570584822673, guid: 37d8d7eb416eb6f4b9eda8f50f57e4df, type: 3}
      propertyPath: m_LocalEulerAnglesHint.x
      value: 0
      objectReference: {fileID: 0}
    - target: {fileID: 187796570584822673, guid: 37d8d7eb416eb6f4b9eda8f50f57e4df, type: 3}
      propertyPath: m_LocalEulerAnglesHint.y
      value: 0
      objectReference: {fileID: 0}
    - target: {fileID: 187796570584822673, guid: 37d8d7eb416eb6f4b9eda8f50f57e4df, type: 3}
      propertyPath: m_LocalEulerAnglesHint.z
      value: 0
      objectReference: {fileID: 0}
    - target: {fileID: 2648680667200612049, guid: 37d8d7eb416eb6f4b9eda8f50f57e4df, type: 3}
      propertyPath: _possibleWaypoints.Array.size
      value: 3
      objectReference: {fileID: 0}
    - target: {fileID: 2648680667200612049, guid: 37d8d7eb416eb6f4b9eda8f50f57e4df, type: 3}
      propertyPath: _unselectedColor.r
      value: 0
      objectReference: {fileID: 0}
    - target: {fileID: 2648680667200612049, guid: 37d8d7eb416eb6f4b9eda8f50f57e4df, type: 3}
      propertyPath: _unselectedColor.g
      value: 1
      objectReference: {fileID: 0}
    - target: {fileID: 2648680667200612049, guid: 37d8d7eb416eb6f4b9eda8f50f57e4df, type: 3}
      propertyPath: _unselectedColor.b
      value: 0.9898968
      objectReference: {fileID: 0}
    - target: {fileID: 2648680667200612049, guid: 37d8d7eb416eb6f4b9eda8f50f57e4df, type: 3}
      propertyPath: _possibleWaypoints.Array.data[0]
      value: 
      objectReference: {fileID: 699534966}
    - target: {fileID: 2648680667200612049, guid: 37d8d7eb416eb6f4b9eda8f50f57e4df, type: 3}
      propertyPath: _possibleWaypoints.Array.data[1]
      value: 
      objectReference: {fileID: 477911261}
    - target: {fileID: 2648680667200612049, guid: 37d8d7eb416eb6f4b9eda8f50f57e4df, type: 3}
      propertyPath: _possibleWaypoints.Array.data[2]
      value: 
      objectReference: {fileID: 247999912}
    - target: {fileID: 6950313644908849576, guid: 37d8d7eb416eb6f4b9eda8f50f57e4df, type: 3}
      propertyPath: m_Name
      value: TrafficLightWaypoint
      objectReference: {fileID: 0}
    m_RemovedComponents: []
  m_SourcePrefab: {fileID: 100100000, guid: 37d8d7eb416eb6f4b9eda8f50f57e4df, type: 3}
--- !u!4 &959326843 stripped
Transform:
  m_CorrespondingSourceObject: {fileID: 187796570584822673, guid: 37d8d7eb416eb6f4b9eda8f50f57e4df, type: 3}
  m_PrefabInstance: {fileID: 959326842}
  m_PrefabAsset: {fileID: 0}
--- !u!114 &959326844 stripped
MonoBehaviour:
  m_CorrespondingSourceObject: {fileID: 2648680667200612049, guid: 37d8d7eb416eb6f4b9eda8f50f57e4df, type: 3}
  m_PrefabInstance: {fileID: 959326842}
  m_PrefabAsset: {fileID: 0}
  m_GameObject: {fileID: 0}
  m_Enabled: 1
  m_EditorHideFlags: 0
  m_Script: {fileID: 11500000, guid: b82228af09eb5fd4c9c7c4c45cd72bf6, type: 3}
  m_Name: 
  m_EditorClassIdentifier: 
--- !u!1001 &976138220
PrefabInstance:
  m_ObjectHideFlags: 0
  serializedVersion: 2
  m_Modification:
    m_TransformParent: {fileID: 2086382546}
    m_Modifications:
    - target: {fileID: 866063588971714403, guid: 67d57c1b8e71d34448fa1857bf5f3abf, type: 3}
      propertyPath: m_LocalPosition.x
      value: 1
      objectReference: {fileID: 0}
    - target: {fileID: 866063588971714403, guid: 67d57c1b8e71d34448fa1857bf5f3abf, type: 3}
      propertyPath: m_LocalPosition.y
      value: 0
      objectReference: {fileID: 0}
    - target: {fileID: 866063588971714403, guid: 67d57c1b8e71d34448fa1857bf5f3abf, type: 3}
      propertyPath: m_LocalPosition.z
      value: -20
      objectReference: {fileID: 0}
    - target: {fileID: 866063588971714403, guid: 67d57c1b8e71d34448fa1857bf5f3abf, type: 3}
      propertyPath: m_LocalRotation.x
      value: 0
      objectReference: {fileID: 0}
    - target: {fileID: 866063588971714403, guid: 67d57c1b8e71d34448fa1857bf5f3abf, type: 3}
      propertyPath: m_LocalRotation.y
      value: 0
      objectReference: {fileID: 0}
    - target: {fileID: 866063588971714403, guid: 67d57c1b8e71d34448fa1857bf5f3abf, type: 3}
      propertyPath: m_LocalRotation.z
      value: 0
      objectReference: {fileID: 0}
    - target: {fileID: 866063588971714403, guid: 67d57c1b8e71d34448fa1857bf5f3abf, type: 3}
      propertyPath: m_LocalRotation.w
      value: 1
      objectReference: {fileID: 0}
    - target: {fileID: 866063588971714403, guid: 67d57c1b8e71d34448fa1857bf5f3abf, type: 3}
      propertyPath: m_RootOrder
      value: 0
      objectReference: {fileID: 0}
    - target: {fileID: 866063588971714403, guid: 67d57c1b8e71d34448fa1857bf5f3abf, type: 3}
      propertyPath: m_LocalEulerAnglesHint.x
      value: 0
      objectReference: {fileID: 0}
    - target: {fileID: 866063588971714403, guid: 67d57c1b8e71d34448fa1857bf5f3abf, type: 3}
      propertyPath: m_LocalEulerAnglesHint.y
      value: 0
      objectReference: {fileID: 0}
    - target: {fileID: 866063588971714403, guid: 67d57c1b8e71d34448fa1857bf5f3abf, type: 3}
      propertyPath: m_LocalEulerAnglesHint.z
      value: 0
      objectReference: {fileID: 0}
    - target: {fileID: 8633750453136060853, guid: 67d57c1b8e71d34448fa1857bf5f3abf, type: 3}
      propertyPath: _nextWaypoint
      value: 
      objectReference: {fileID: 959326844}
    - target: {fileID: 8834940971312983385, guid: 67d57c1b8e71d34448fa1857bf5f3abf, type: 3}
      propertyPath: m_Name
      value: Waypoint
      objectReference: {fileID: 0}
    m_RemovedComponents: []
  m_SourcePrefab: {fileID: 100100000, guid: 67d57c1b8e71d34448fa1857bf5f3abf, type: 3}
--- !u!4 &976138221 stripped
Transform:
  m_CorrespondingSourceObject: {fileID: 866063588971714403, guid: 67d57c1b8e71d34448fa1857bf5f3abf, type: 3}
  m_PrefabInstance: {fileID: 976138220}
  m_PrefabAsset: {fileID: 0}
--- !u!114 &976138222 stripped
MonoBehaviour:
  m_CorrespondingSourceObject: {fileID: 8633750453136060853, guid: 67d57c1b8e71d34448fa1857bf5f3abf, type: 3}
  m_PrefabInstance: {fileID: 976138220}
  m_PrefabAsset: {fileID: 0}
  m_GameObject: {fileID: 0}
  m_Enabled: 1
  m_EditorHideFlags: 0
  m_Script: {fileID: 11500000, guid: b141750904154aa4599cceff2e0bf559, type: 3}
  m_Name: 
  m_EditorClassIdentifier: 
--- !u!1001 &984817433
PrefabInstance:
  m_ObjectHideFlags: 0
  serializedVersion: 2
  m_Modification:
    m_TransformParent: {fileID: 2086382546}
    m_Modifications:
    - target: {fileID: 187796570584822673, guid: 37d8d7eb416eb6f4b9eda8f50f57e4df, type: 3}
      propertyPath: m_LocalPosition.x
      value: 5
      objectReference: {fileID: 0}
    - target: {fileID: 187796570584822673, guid: 37d8d7eb416eb6f4b9eda8f50f57e4df, type: 3}
      propertyPath: m_LocalPosition.y
      value: 0
      objectReference: {fileID: 0}
    - target: {fileID: 187796570584822673, guid: 37d8d7eb416eb6f4b9eda8f50f57e4df, type: 3}
      propertyPath: m_LocalPosition.z
      value: 1
      objectReference: {fileID: 0}
    - target: {fileID: 187796570584822673, guid: 37d8d7eb416eb6f4b9eda8f50f57e4df, type: 3}
      propertyPath: m_LocalRotation.x
      value: 0
      objectReference: {fileID: 0}
    - target: {fileID: 187796570584822673, guid: 37d8d7eb416eb6f4b9eda8f50f57e4df, type: 3}
      propertyPath: m_LocalRotation.y
      value: 0
      objectReference: {fileID: 0}
    - target: {fileID: 187796570584822673, guid: 37d8d7eb416eb6f4b9eda8f50f57e4df, type: 3}
      propertyPath: m_LocalRotation.z
      value: 0
      objectReference: {fileID: 0}
    - target: {fileID: 187796570584822673, guid: 37d8d7eb416eb6f4b9eda8f50f57e4df, type: 3}
      propertyPath: m_LocalRotation.w
      value: 1
      objectReference: {fileID: 0}
    - target: {fileID: 187796570584822673, guid: 37d8d7eb416eb6f4b9eda8f50f57e4df, type: 3}
      propertyPath: m_RootOrder
      value: 17
      objectReference: {fileID: 0}
    - target: {fileID: 187796570584822673, guid: 37d8d7eb416eb6f4b9eda8f50f57e4df, type: 3}
      propertyPath: m_LocalEulerAnglesHint.x
      value: 0
      objectReference: {fileID: 0}
    - target: {fileID: 187796570584822673, guid: 37d8d7eb416eb6f4b9eda8f50f57e4df, type: 3}
      propertyPath: m_LocalEulerAnglesHint.y
      value: 0
      objectReference: {fileID: 0}
    - target: {fileID: 187796570584822673, guid: 37d8d7eb416eb6f4b9eda8f50f57e4df, type: 3}
      propertyPath: m_LocalEulerAnglesHint.z
      value: 0
      objectReference: {fileID: 0}
    - target: {fileID: 2648680667200612049, guid: 37d8d7eb416eb6f4b9eda8f50f57e4df, type: 3}
      propertyPath: _possibleWaypoints.Array.size
      value: 3
      objectReference: {fileID: 0}
    - target: {fileID: 2648680667200612049, guid: 37d8d7eb416eb6f4b9eda8f50f57e4df, type: 3}
      propertyPath: _unselectedColor.r
      value: 0
      objectReference: {fileID: 0}
    - target: {fileID: 2648680667200612049, guid: 37d8d7eb416eb6f4b9eda8f50f57e4df, type: 3}
      propertyPath: _unselectedColor.g
      value: 1
      objectReference: {fileID: 0}
    - target: {fileID: 2648680667200612049, guid: 37d8d7eb416eb6f4b9eda8f50f57e4df, type: 3}
      propertyPath: _unselectedColor.b
      value: 0.9898968
      objectReference: {fileID: 0}
    - target: {fileID: 2648680667200612049, guid: 37d8d7eb416eb6f4b9eda8f50f57e4df, type: 3}
      propertyPath: _possibleWaypoints.Array.data[0]
      value: 
      objectReference: {fileID: 247999912}
    - target: {fileID: 2648680667200612049, guid: 37d8d7eb416eb6f4b9eda8f50f57e4df, type: 3}
      propertyPath: _possibleWaypoints.Array.data[1]
      value: 
      objectReference: {fileID: 185180583}
    - target: {fileID: 2648680667200612049, guid: 37d8d7eb416eb6f4b9eda8f50f57e4df, type: 3}
      propertyPath: _possibleWaypoints.Array.data[2]
      value: 
      objectReference: {fileID: 477911261}
    - target: {fileID: 6950313644908849576, guid: 37d8d7eb416eb6f4b9eda8f50f57e4df, type: 3}
      propertyPath: m_Name
      value: TrafficLightWaypoint (1)
      objectReference: {fileID: 0}
    m_RemovedComponents: []
  m_SourcePrefab: {fileID: 100100000, guid: 37d8d7eb416eb6f4b9eda8f50f57e4df, type: 3}
--- !u!114 &984817434 stripped
MonoBehaviour:
  m_CorrespondingSourceObject: {fileID: 2648680667200612049, guid: 37d8d7eb416eb6f4b9eda8f50f57e4df, type: 3}
  m_PrefabInstance: {fileID: 984817433}
  m_PrefabAsset: {fileID: 0}
  m_GameObject: {fileID: 0}
  m_Enabled: 1
  m_EditorHideFlags: 0
  m_Script: {fileID: 11500000, guid: b82228af09eb5fd4c9c7c4c45cd72bf6, type: 3}
  m_Name: 
  m_EditorClassIdentifier: 
--- !u!4 &984817435 stripped
Transform:
  m_CorrespondingSourceObject: {fileID: 187796570584822673, guid: 37d8d7eb416eb6f4b9eda8f50f57e4df, type: 3}
  m_PrefabInstance: {fileID: 984817433}
  m_PrefabAsset: {fileID: 0}
--- !u!1001 &1028263024
PrefabInstance:
  m_ObjectHideFlags: 0
  serializedVersion: 2
  m_Modification:
    m_TransformParent: {fileID: 2086382546}
    m_Modifications:
    - target: {fileID: 866063588971714403, guid: 67d57c1b8e71d34448fa1857bf5f3abf, type: 3}
      propertyPath: m_LocalPosition.x
      value: -20
      objectReference: {fileID: 0}
    - target: {fileID: 866063588971714403, guid: 67d57c1b8e71d34448fa1857bf5f3abf, type: 3}
      propertyPath: m_LocalPosition.y
      value: 0
      objectReference: {fileID: 0}
    - target: {fileID: 866063588971714403, guid: 67d57c1b8e71d34448fa1857bf5f3abf, type: 3}
      propertyPath: m_LocalPosition.z
      value: -1
      objectReference: {fileID: 0}
    - target: {fileID: 866063588971714403, guid: 67d57c1b8e71d34448fa1857bf5f3abf, type: 3}
      propertyPath: m_LocalRotation.x
      value: 0
      objectReference: {fileID: 0}
    - target: {fileID: 866063588971714403, guid: 67d57c1b8e71d34448fa1857bf5f3abf, type: 3}
      propertyPath: m_LocalRotation.y
      value: 0
      objectReference: {fileID: 0}
    - target: {fileID: 866063588971714403, guid: 67d57c1b8e71d34448fa1857bf5f3abf, type: 3}
      propertyPath: m_LocalRotation.z
      value: 0
      objectReference: {fileID: 0}
    - target: {fileID: 866063588971714403, guid: 67d57c1b8e71d34448fa1857bf5f3abf, type: 3}
      propertyPath: m_LocalRotation.w
      value: 1
      objectReference: {fileID: 0}
    - target: {fileID: 866063588971714403, guid: 67d57c1b8e71d34448fa1857bf5f3abf, type: 3}
      propertyPath: m_RootOrder
      value: 13
      objectReference: {fileID: 0}
    - target: {fileID: 866063588971714403, guid: 67d57c1b8e71d34448fa1857bf5f3abf, type: 3}
      propertyPath: m_LocalEulerAnglesHint.x
      value: 0
      objectReference: {fileID: 0}
    - target: {fileID: 866063588971714403, guid: 67d57c1b8e71d34448fa1857bf5f3abf, type: 3}
      propertyPath: m_LocalEulerAnglesHint.y
      value: 0
      objectReference: {fileID: 0}
    - target: {fileID: 866063588971714403, guid: 67d57c1b8e71d34448fa1857bf5f3abf, type: 3}
      propertyPath: m_LocalEulerAnglesHint.z
      value: 0
      objectReference: {fileID: 0}
    - target: {fileID: 8633750453136060853, guid: 67d57c1b8e71d34448fa1857bf5f3abf, type: 3}
      propertyPath: _nextWaypoint
      value: 
      objectReference: {fileID: 1191486515}
    - target: {fileID: 8834940971312983385, guid: 67d57c1b8e71d34448fa1857bf5f3abf, type: 3}
      propertyPath: m_Name
      value: Waypoint (14)
      objectReference: {fileID: 0}
    m_RemovedComponents: []
  m_SourcePrefab: {fileID: 100100000, guid: 67d57c1b8e71d34448fa1857bf5f3abf, type: 3}
--- !u!114 &1028263025 stripped
MonoBehaviour:
  m_CorrespondingSourceObject: {fileID: 8633750453136060853, guid: 67d57c1b8e71d34448fa1857bf5f3abf, type: 3}
  m_PrefabInstance: {fileID: 1028263024}
  m_PrefabAsset: {fileID: 0}
  m_GameObject: {fileID: 0}
  m_Enabled: 1
  m_EditorHideFlags: 0
  m_Script: {fileID: 11500000, guid: b141750904154aa4599cceff2e0bf559, type: 3}
  m_Name: 
  m_EditorClassIdentifier: 
--- !u!4 &1028263026 stripped
Transform:
  m_CorrespondingSourceObject: {fileID: 866063588971714403, guid: 67d57c1b8e71d34448fa1857bf5f3abf, type: 3}
  m_PrefabInstance: {fileID: 1028263024}
  m_PrefabAsset: {fileID: 0}
--- !u!1001 &1100608453
PrefabInstance:
  m_ObjectHideFlags: 0
  serializedVersion: 2
  m_Modification:
    m_TransformParent: {fileID: 0}
    m_Modifications:
    - target: {fileID: 2811890438818487502, guid: 0a8b7ffb57d383e4b861bc35190e24ce, type: 3}
      propertyPath: m_LocalPosition.x
      value: 0
      objectReference: {fileID: 0}
    - target: {fileID: 2811890438818487502, guid: 0a8b7ffb57d383e4b861bc35190e24ce, type: 3}
      propertyPath: m_LocalPosition.y
      value: -0.1
      objectReference: {fileID: 0}
    - target: {fileID: 2811890438818487502, guid: 0a8b7ffb57d383e4b861bc35190e24ce, type: 3}
      propertyPath: m_LocalPosition.z
      value: 0
      objectReference: {fileID: 0}
    - target: {fileID: 2811890438818487502, guid: 0a8b7ffb57d383e4b861bc35190e24ce, type: 3}
      propertyPath: m_LocalRotation.x
      value: 0
      objectReference: {fileID: 0}
    - target: {fileID: 2811890438818487502, guid: 0a8b7ffb57d383e4b861bc35190e24ce, type: 3}
      propertyPath: m_LocalRotation.y
      value: 0
      objectReference: {fileID: 0}
    - target: {fileID: 2811890438818487502, guid: 0a8b7ffb57d383e4b861bc35190e24ce, type: 3}
      propertyPath: m_LocalRotation.z
      value: 0
      objectReference: {fileID: 0}
    - target: {fileID: 2811890438818487502, guid: 0a8b7ffb57d383e4b861bc35190e24ce, type: 3}
      propertyPath: m_LocalRotation.w
      value: 1
      objectReference: {fileID: 0}
    - target: {fileID: 2811890438818487502, guid: 0a8b7ffb57d383e4b861bc35190e24ce, type: 3}
      propertyPath: m_RootOrder
      value: 3
      objectReference: {fileID: 0}
    - target: {fileID: 2811890438818487502, guid: 0a8b7ffb57d383e4b861bc35190e24ce, type: 3}
      propertyPath: m_LocalEulerAnglesHint.x
      value: 0
      objectReference: {fileID: 0}
    - target: {fileID: 2811890438818487502, guid: 0a8b7ffb57d383e4b861bc35190e24ce, type: 3}
      propertyPath: m_LocalEulerAnglesHint.y
      value: 0
      objectReference: {fileID: 0}
    - target: {fileID: 2811890438818487502, guid: 0a8b7ffb57d383e4b861bc35190e24ce, type: 3}
      propertyPath: m_LocalEulerAnglesHint.z
      value: 0
      objectReference: {fileID: 0}
    - target: {fileID: 2811890438818487502, guid: 0a8b7ffb57d383e4b861bc35190e24ce, type: 3}
      propertyPath: m_LocalScale.x
      value: 15
      objectReference: {fileID: 0}
    - target: {fileID: 2811890438818487502, guid: 0a8b7ffb57d383e4b861bc35190e24ce, type: 3}
      propertyPath: m_LocalScale.z
      value: 15
      objectReference: {fileID: 0}
    - target: {fileID: 2811890438818487506, guid: 0a8b7ffb57d383e4b861bc35190e24ce, type: 3}
      propertyPath: m_Name
      value: Ground
      objectReference: {fileID: 0}
    m_RemovedComponents: []
  m_SourcePrefab: {fileID: 100100000, guid: 0a8b7ffb57d383e4b861bc35190e24ce, type: 3}
--- !u!1001 &1191486514
PrefabInstance:
  m_ObjectHideFlags: 0
  serializedVersion: 2
  m_Modification:
    m_TransformParent: {fileID: 2086382546}
    m_Modifications:
    - target: {fileID: 187796570584822673, guid: 37d8d7eb416eb6f4b9eda8f50f57e4df, type: 3}
      propertyPath: m_LocalPosition.x
      value: -5
      objectReference: {fileID: 0}
    - target: {fileID: 187796570584822673, guid: 37d8d7eb416eb6f4b9eda8f50f57e4df, type: 3}
      propertyPath: m_LocalPosition.y
      value: 0
      objectReference: {fileID: 0}
    - target: {fileID: 187796570584822673, guid: 37d8d7eb416eb6f4b9eda8f50f57e4df, type: 3}
      propertyPath: m_LocalPosition.z
      value: -1
      objectReference: {fileID: 0}
    - target: {fileID: 187796570584822673, guid: 37d8d7eb416eb6f4b9eda8f50f57e4df, type: 3}
      propertyPath: m_LocalRotation.x
      value: 0
      objectReference: {fileID: 0}
    - target: {fileID: 187796570584822673, guid: 37d8d7eb416eb6f4b9eda8f50f57e4df, type: 3}
      propertyPath: m_LocalRotation.y
      value: 0
      objectReference: {fileID: 0}
    - target: {fileID: 187796570584822673, guid: 37d8d7eb416eb6f4b9eda8f50f57e4df, type: 3}
      propertyPath: m_LocalRotation.z
      value: 0
      objectReference: {fileID: 0}
    - target: {fileID: 187796570584822673, guid: 37d8d7eb416eb6f4b9eda8f50f57e4df, type: 3}
      propertyPath: m_LocalRotation.w
      value: 1
      objectReference: {fileID: 0}
    - target: {fileID: 187796570584822673, guid: 37d8d7eb416eb6f4b9eda8f50f57e4df, type: 3}
      propertyPath: m_RootOrder
      value: 19
      objectReference: {fileID: 0}
    - target: {fileID: 187796570584822673, guid: 37d8d7eb416eb6f4b9eda8f50f57e4df, type: 3}
      propertyPath: m_LocalEulerAnglesHint.x
      value: 0
      objectReference: {fileID: 0}
    - target: {fileID: 187796570584822673, guid: 37d8d7eb416eb6f4b9eda8f50f57e4df, type: 3}
      propertyPath: m_LocalEulerAnglesHint.y
      value: 0
      objectReference: {fileID: 0}
    - target: {fileID: 187796570584822673, guid: 37d8d7eb416eb6f4b9eda8f50f57e4df, type: 3}
      propertyPath: m_LocalEulerAnglesHint.z
      value: 0
      objectReference: {fileID: 0}
    - target: {fileID: 2648680667200612049, guid: 37d8d7eb416eb6f4b9eda8f50f57e4df, type: 3}
      propertyPath: _possibleWaypoints.Array.size
      value: 3
      objectReference: {fileID: 0}
    - target: {fileID: 2648680667200612049, guid: 37d8d7eb416eb6f4b9eda8f50f57e4df, type: 3}
      propertyPath: _unselectedColor.r
      value: 0
      objectReference: {fileID: 0}
    - target: {fileID: 2648680667200612049, guid: 37d8d7eb416eb6f4b9eda8f50f57e4df, type: 3}
      propertyPath: _unselectedColor.g
      value: 1
      objectReference: {fileID: 0}
    - target: {fileID: 2648680667200612049, guid: 37d8d7eb416eb6f4b9eda8f50f57e4df, type: 3}
      propertyPath: _unselectedColor.b
      value: 0.9898968
      objectReference: {fileID: 0}
    - target: {fileID: 2648680667200612049, guid: 37d8d7eb416eb6f4b9eda8f50f57e4df, type: 3}
      propertyPath: _possibleWaypoints.Array.data[0]
      value: 
      objectReference: {fileID: 185180583}
    - target: {fileID: 2648680667200612049, guid: 37d8d7eb416eb6f4b9eda8f50f57e4df, type: 3}
      propertyPath: _possibleWaypoints.Array.data[1]
      value: 
      objectReference: {fileID: 247999912}
    - target: {fileID: 2648680667200612049, guid: 37d8d7eb416eb6f4b9eda8f50f57e4df, type: 3}
      propertyPath: _possibleWaypoints.Array.data[2]
      value: 
      objectReference: {fileID: 699534966}
    - target: {fileID: 6950313644908849576, guid: 37d8d7eb416eb6f4b9eda8f50f57e4df, type: 3}
      propertyPath: m_Name
      value: TrafficLightWaypoint (3)
      objectReference: {fileID: 0}
    m_RemovedComponents: []
  m_SourcePrefab: {fileID: 100100000, guid: 37d8d7eb416eb6f4b9eda8f50f57e4df, type: 3}
--- !u!114 &1191486515 stripped
MonoBehaviour:
  m_CorrespondingSourceObject: {fileID: 2648680667200612049, guid: 37d8d7eb416eb6f4b9eda8f50f57e4df, type: 3}
  m_PrefabInstance: {fileID: 1191486514}
  m_PrefabAsset: {fileID: 0}
  m_GameObject: {fileID: 0}
  m_Enabled: 1
  m_EditorHideFlags: 0
  m_Script: {fileID: 11500000, guid: b82228af09eb5fd4c9c7c4c45cd72bf6, type: 3}
  m_Name: 
  m_EditorClassIdentifier: 
--- !u!4 &1191486516 stripped
Transform:
  m_CorrespondingSourceObject: {fileID: 187796570584822673, guid: 37d8d7eb416eb6f4b9eda8f50f57e4df, type: 3}
  m_PrefabInstance: {fileID: 1191486514}
  m_PrefabAsset: {fileID: 0}
--- !u!1001 &1464016583
PrefabInstance:
  m_ObjectHideFlags: 0
  serializedVersion: 2
  m_Modification:
    m_TransformParent: {fileID: 2086382546}
    m_Modifications:
    - target: {fileID: 866063588971714403, guid: 67d57c1b8e71d34448fa1857bf5f3abf, type: 3}
      propertyPath: m_LocalPosition.x
      value: 20
      objectReference: {fileID: 0}
    - target: {fileID: 866063588971714403, guid: 67d57c1b8e71d34448fa1857bf5f3abf, type: 3}
      propertyPath: m_LocalPosition.y
      value: 0
      objectReference: {fileID: 0}
    - target: {fileID: 866063588971714403, guid: 67d57c1b8e71d34448fa1857bf5f3abf, type: 3}
      propertyPath: m_LocalPosition.z
      value: -1
      objectReference: {fileID: 0}
    - target: {fileID: 866063588971714403, guid: 67d57c1b8e71d34448fa1857bf5f3abf, type: 3}
      propertyPath: m_LocalRotation.x
      value: 0
      objectReference: {fileID: 0}
    - target: {fileID: 866063588971714403, guid: 67d57c1b8e71d34448fa1857bf5f3abf, type: 3}
      propertyPath: m_LocalRotation.y
      value: 0
      objectReference: {fileID: 0}
    - target: {fileID: 866063588971714403, guid: 67d57c1b8e71d34448fa1857bf5f3abf, type: 3}
      propertyPath: m_LocalRotation.z
      value: 0
      objectReference: {fileID: 0}
    - target: {fileID: 866063588971714403, guid: 67d57c1b8e71d34448fa1857bf5f3abf, type: 3}
      propertyPath: m_LocalRotation.w
      value: 1
      objectReference: {fileID: 0}
    - target: {fileID: 866063588971714403, guid: 67d57c1b8e71d34448fa1857bf5f3abf, type: 3}
      propertyPath: m_RootOrder
      value: 8
      objectReference: {fileID: 0}
    - target: {fileID: 866063588971714403, guid: 67d57c1b8e71d34448fa1857bf5f3abf, type: 3}
      propertyPath: m_LocalEulerAnglesHint.x
      value: 0
      objectReference: {fileID: 0}
    - target: {fileID: 866063588971714403, guid: 67d57c1b8e71d34448fa1857bf5f3abf, type: 3}
      propertyPath: m_LocalEulerAnglesHint.y
      value: 0
      objectReference: {fileID: 0}
    - target: {fileID: 866063588971714403, guid: 67d57c1b8e71d34448fa1857bf5f3abf, type: 3}
      propertyPath: m_LocalEulerAnglesHint.z
      value: 0
      objectReference: {fileID: 0}
    - target: {fileID: 8633750453136060853, guid: 67d57c1b8e71d34448fa1857bf5f3abf, type: 3}
      propertyPath: _nextWaypoint
      value: 
      objectReference: {fileID: 853571829}
    - target: {fileID: 8834940971312983385, guid: 67d57c1b8e71d34448fa1857bf5f3abf, type: 3}
      propertyPath: m_Name
      value: Waypoint (9)
      objectReference: {fileID: 0}
    m_RemovedComponents: []
  m_SourcePrefab: {fileID: 100100000, guid: 67d57c1b8e71d34448fa1857bf5f3abf, type: 3}
--- !u!4 &1464016584 stripped
Transform:
  m_CorrespondingSourceObject: {fileID: 866063588971714403, guid: 67d57c1b8e71d34448fa1857bf5f3abf, type: 3}
  m_PrefabInstance: {fileID: 1464016583}
  m_PrefabAsset: {fileID: 0}
--- !u!114 &1464016585 stripped
MonoBehaviour:
  m_CorrespondingSourceObject: {fileID: 8633750453136060853, guid: 67d57c1b8e71d34448fa1857bf5f3abf, type: 3}
  m_PrefabInstance: {fileID: 1464016583}
  m_PrefabAsset: {fileID: 0}
  m_GameObject: {fileID: 0}
  m_Enabled: 1
  m_EditorHideFlags: 0
  m_Script: {fileID: 11500000, guid: b141750904154aa4599cceff2e0bf559, type: 3}
  m_Name: 
  m_EditorClassIdentifier: 
--- !u!1001 &1466516496
PrefabInstance:
  m_ObjectHideFlags: 0
  serializedVersion: 2
  m_Modification:
    m_TransformParent: {fileID: 2086382546}
    m_Modifications:
    - target: {fileID: 866063588971714403, guid: 67d57c1b8e71d34448fa1857bf5f3abf, type: 3}
      propertyPath: m_LocalPosition.x
      value: -20
      objectReference: {fileID: 0}
    - target: {fileID: 866063588971714403, guid: 67d57c1b8e71d34448fa1857bf5f3abf, type: 3}
      propertyPath: m_LocalPosition.y
      value: 0
      objectReference: {fileID: 0}
    - target: {fileID: 866063588971714403, guid: 67d57c1b8e71d34448fa1857bf5f3abf, type: 3}
      propertyPath: m_LocalPosition.z
      value: -20
      objectReference: {fileID: 0}
    - target: {fileID: 866063588971714403, guid: 67d57c1b8e71d34448fa1857bf5f3abf, type: 3}
      propertyPath: m_LocalRotation.x
      value: 0
      objectReference: {fileID: 0}
    - target: {fileID: 866063588971714403, guid: 67d57c1b8e71d34448fa1857bf5f3abf, type: 3}
      propertyPath: m_LocalRotation.y
      value: 0
      objectReference: {fileID: 0}
    - target: {fileID: 866063588971714403, guid: 67d57c1b8e71d34448fa1857bf5f3abf, type: 3}
      propertyPath: m_LocalRotation.z
      value: 0
      objectReference: {fileID: 0}
    - target: {fileID: 866063588971714403, guid: 67d57c1b8e71d34448fa1857bf5f3abf, type: 3}
      propertyPath: m_LocalRotation.w
      value: 1
      objectReference: {fileID: 0}
    - target: {fileID: 866063588971714403, guid: 67d57c1b8e71d34448fa1857bf5f3abf, type: 3}
      propertyPath: m_RootOrder
      value: 10
      objectReference: {fileID: 0}
    - target: {fileID: 866063588971714403, guid: 67d57c1b8e71d34448fa1857bf5f3abf, type: 3}
      propertyPath: m_LocalEulerAnglesHint.x
      value: 0
      objectReference: {fileID: 0}
    - target: {fileID: 866063588971714403, guid: 67d57c1b8e71d34448fa1857bf5f3abf, type: 3}
      propertyPath: m_LocalEulerAnglesHint.y
      value: 0
      objectReference: {fileID: 0}
    - target: {fileID: 866063588971714403, guid: 67d57c1b8e71d34448fa1857bf5f3abf, type: 3}
      propertyPath: m_LocalEulerAnglesHint.z
      value: 0
      objectReference: {fileID: 0}
    - target: {fileID: 8633750453136060853, guid: 67d57c1b8e71d34448fa1857bf5f3abf, type: 3}
      propertyPath: _nextWaypoint
      value: 
      objectReference: {fileID: 1028263025}
    - target: {fileID: 8834940971312983385, guid: 67d57c1b8e71d34448fa1857bf5f3abf, type: 3}
      propertyPath: m_Name
      value: Waypoint (11)
      objectReference: {fileID: 0}
    m_RemovedComponents: []
  m_SourcePrefab: {fileID: 100100000, guid: 67d57c1b8e71d34448fa1857bf5f3abf, type: 3}
--- !u!4 &1466516497 stripped
Transform:
  m_CorrespondingSourceObject: {fileID: 866063588971714403, guid: 67d57c1b8e71d34448fa1857bf5f3abf, type: 3}
  m_PrefabInstance: {fileID: 1466516496}
  m_PrefabAsset: {fileID: 0}
--- !u!114 &1466516498 stripped
MonoBehaviour:
  m_CorrespondingSourceObject: {fileID: 8633750453136060853, guid: 67d57c1b8e71d34448fa1857bf5f3abf, type: 3}
  m_PrefabInstance: {fileID: 1466516496}
  m_PrefabAsset: {fileID: 0}
  m_GameObject: {fileID: 0}
  m_Enabled: 1
  m_EditorHideFlags: 0
  m_Script: {fileID: 11500000, guid: b141750904154aa4599cceff2e0bf559, type: 3}
  m_Name: 
  m_EditorClassIdentifier: 
--- !u!1 &1615390144
GameObject:
  m_ObjectHideFlags: 0
  m_CorrespondingSourceObject: {fileID: 0}
  m_PrefabInstance: {fileID: 0}
  m_PrefabAsset: {fileID: 0}
  serializedVersion: 6
  m_Component:
  - component: {fileID: 1615390146}
  - component: {fileID: 1615390145}
  m_Layer: 0
  m_Name: Directional Light
  m_TagString: Untagged
  m_Icon: {fileID: 0}
  m_NavMeshLayer: 0
  m_StaticEditorFlags: 0
  m_IsActive: 1
--- !u!108 &1615390145
Light:
  m_ObjectHideFlags: 0
  m_CorrespondingSourceObject: {fileID: 0}
  m_PrefabInstance: {fileID: 0}
  m_PrefabAsset: {fileID: 0}
  m_GameObject: {fileID: 1615390144}
  m_Enabled: 1
  serializedVersion: 10
  m_Type: 1
  m_Shape: 0
  m_Color: {r: 1, g: 0.95686275, b: 0.8392157, a: 1}
  m_Intensity: 1
  m_Range: 10
  m_SpotAngle: 30
  m_InnerSpotAngle: 21.80208
  m_CookieSize: 10
  m_Shadows:
    m_Type: 2
    m_Resolution: -1
    m_CustomResolution: -1
    m_Strength: 1
    m_Bias: 0.05
    m_NormalBias: 0.4
    m_NearPlane: 0.2
    m_CullingMatrixOverride:
      e00: 1
      e01: 0
      e02: 0
      e03: 0
      e10: 0
      e11: 1
      e12: 0
      e13: 0
      e20: 0
      e21: 0
      e22: 1
      e23: 0
      e30: 0
      e31: 0
      e32: 0
      e33: 1
    m_UseCullingMatrixOverride: 0
  m_Cookie: {fileID: 0}
  m_DrawHalo: 0
  m_Flare: {fileID: 0}
  m_RenderMode: 0
  m_CullingMask:
    serializedVersion: 2
    m_Bits: 4294967295
  m_RenderingLayerMask: 1
  m_Lightmapping: 4
  m_LightShadowCasterMode: 0
  m_AreaSize: {x: 1, y: 1}
  m_BounceIntensity: 1
  m_ColorTemperature: 6570
  m_UseColorTemperature: 0
  m_BoundingSphereOverride: {x: 0, y: 0, z: 0, w: 0}
  m_UseBoundingSphereOverride: 0
  m_ShadowRadius: 0
  m_ShadowAngle: 0
--- !u!4 &1615390146
Transform:
  m_ObjectHideFlags: 0
  m_CorrespondingSourceObject: {fileID: 0}
  m_PrefabInstance: {fileID: 0}
  m_PrefabAsset: {fileID: 0}
  m_GameObject: {fileID: 1615390144}
  m_LocalRotation: {x: 0.40821788, y: -0.23456968, z: 0.10938163, w: 0.8754261}
  m_LocalPosition: {x: 0, y: 3, z: 0}
  m_LocalScale: {x: 1, y: 1, z: 1}
  m_Children: []
  m_Father: {fileID: 0}
  m_RootOrder: 1
  m_LocalEulerAnglesHint: {x: 50, y: -30, z: 0}
--- !u!1001 &1624202837
PrefabInstance:
  m_ObjectHideFlags: 0
  serializedVersion: 2
  m_Modification:
    m_TransformParent: {fileID: 2086382546}
    m_Modifications:
    - target: {fileID: 866063588971714403, guid: 67d57c1b8e71d34448fa1857bf5f3abf, type: 3}
      propertyPath: m_LocalPosition.x
      value: 20
      objectReference: {fileID: 0}
    - target: {fileID: 866063588971714403, guid: 67d57c1b8e71d34448fa1857bf5f3abf, type: 3}
      propertyPath: m_LocalPosition.y
      value: 0
      objectReference: {fileID: 0}
    - target: {fileID: 866063588971714403, guid: 67d57c1b8e71d34448fa1857bf5f3abf, type: 3}
      propertyPath: m_LocalPosition.z
      value: 1
      objectReference: {fileID: 0}
    - target: {fileID: 866063588971714403, guid: 67d57c1b8e71d34448fa1857bf5f3abf, type: 3}
      propertyPath: m_LocalRotation.x
      value: 0
      objectReference: {fileID: 0}
    - target: {fileID: 866063588971714403, guid: 67d57c1b8e71d34448fa1857bf5f3abf, type: 3}
      propertyPath: m_LocalRotation.y
      value: 0
      objectReference: {fileID: 0}
    - target: {fileID: 866063588971714403, guid: 67d57c1b8e71d34448fa1857bf5f3abf, type: 3}
      propertyPath: m_LocalRotation.z
      value: 0
      objectReference: {fileID: 0}
    - target: {fileID: 866063588971714403, guid: 67d57c1b8e71d34448fa1857bf5f3abf, type: 3}
      propertyPath: m_LocalRotation.w
      value: 1
      objectReference: {fileID: 0}
    - target: {fileID: 866063588971714403, guid: 67d57c1b8e71d34448fa1857bf5f3abf, type: 3}
      propertyPath: m_RootOrder
      value: 12
      objectReference: {fileID: 0}
    - target: {fileID: 866063588971714403, guid: 67d57c1b8e71d34448fa1857bf5f3abf, type: 3}
      propertyPath: m_LocalEulerAnglesHint.x
      value: 0
      objectReference: {fileID: 0}
    - target: {fileID: 866063588971714403, guid: 67d57c1b8e71d34448fa1857bf5f3abf, type: 3}
      propertyPath: m_LocalEulerAnglesHint.y
      value: 0
      objectReference: {fileID: 0}
    - target: {fileID: 866063588971714403, guid: 67d57c1b8e71d34448fa1857bf5f3abf, type: 3}
      propertyPath: m_LocalEulerAnglesHint.z
      value: 0
      objectReference: {fileID: 0}
    - target: {fileID: 8633750453136060853, guid: 67d57c1b8e71d34448fa1857bf5f3abf, type: 3}
      propertyPath: _nextWaypoint
      value: 
      objectReference: {fileID: 984817434}
    - target: {fileID: 8834940971312983385, guid: 67d57c1b8e71d34448fa1857bf5f3abf, type: 3}
      propertyPath: m_Name
      value: Waypoint (13)
      objectReference: {fileID: 0}
    m_RemovedComponents: []
  m_SourcePrefab: {fileID: 100100000, guid: 67d57c1b8e71d34448fa1857bf5f3abf, type: 3}
--- !u!114 &1624202838 stripped
MonoBehaviour:
  m_CorrespondingSourceObject: {fileID: 8633750453136060853, guid: 67d57c1b8e71d34448fa1857bf5f3abf, type: 3}
  m_PrefabInstance: {fileID: 1624202837}
  m_PrefabAsset: {fileID: 0}
  m_GameObject: {fileID: 0}
  m_Enabled: 1
  m_EditorHideFlags: 0
  m_Script: {fileID: 11500000, guid: b141750904154aa4599cceff2e0bf559, type: 3}
  m_Name: 
  m_EditorClassIdentifier: 
--- !u!4 &1624202839 stripped
Transform:
  m_CorrespondingSourceObject: {fileID: 866063588971714403, guid: 67d57c1b8e71d34448fa1857bf5f3abf, type: 3}
  m_PrefabInstance: {fileID: 1624202837}
  m_PrefabAsset: {fileID: 0}
--- !u!1001 &1656070328
PrefabInstance:
  m_ObjectHideFlags: 0
  serializedVersion: 2
  m_Modification:
    m_TransformParent: {fileID: 2086382546}
    m_Modifications:
    - target: {fileID: 866063588971714403, guid: 67d57c1b8e71d34448fa1857bf5f3abf, type: 3}
      propertyPath: m_LocalPosition.x
      value: -1
      objectReference: {fileID: 0}
    - target: {fileID: 866063588971714403, guid: 67d57c1b8e71d34448fa1857bf5f3abf, type: 3}
      propertyPath: m_LocalPosition.y
      value: 0
      objectReference: {fileID: 0}
    - target: {fileID: 866063588971714403, guid: 67d57c1b8e71d34448fa1857bf5f3abf, type: 3}
      propertyPath: m_LocalPosition.z
      value: 20
      objectReference: {fileID: 0}
    - target: {fileID: 866063588971714403, guid: 67d57c1b8e71d34448fa1857bf5f3abf, type: 3}
      propertyPath: m_LocalRotation.x
      value: 0
      objectReference: {fileID: 0}
    - target: {fileID: 866063588971714403, guid: 67d57c1b8e71d34448fa1857bf5f3abf, type: 3}
      propertyPath: m_LocalRotation.y
      value: 0
      objectReference: {fileID: 0}
    - target: {fileID: 866063588971714403, guid: 67d57c1b8e71d34448fa1857bf5f3abf, type: 3}
      propertyPath: m_LocalRotation.z
      value: 0
      objectReference: {fileID: 0}
    - target: {fileID: 866063588971714403, guid: 67d57c1b8e71d34448fa1857bf5f3abf, type: 3}
      propertyPath: m_LocalRotation.w
      value: 1
      objectReference: {fileID: 0}
    - target: {fileID: 866063588971714403, guid: 67d57c1b8e71d34448fa1857bf5f3abf, type: 3}
      propertyPath: m_RootOrder
      value: 15
      objectReference: {fileID: 0}
    - target: {fileID: 866063588971714403, guid: 67d57c1b8e71d34448fa1857bf5f3abf, type: 3}
      propertyPath: m_LocalEulerAnglesHint.x
      value: 0
      objectReference: {fileID: 0}
    - target: {fileID: 866063588971714403, guid: 67d57c1b8e71d34448fa1857bf5f3abf, type: 3}
      propertyPath: m_LocalEulerAnglesHint.y
      value: 0
      objectReference: {fileID: 0}
    - target: {fileID: 866063588971714403, guid: 67d57c1b8e71d34448fa1857bf5f3abf, type: 3}
      propertyPath: m_LocalEulerAnglesHint.z
      value: 0
      objectReference: {fileID: 0}
    - target: {fileID: 8633750453136060853, guid: 67d57c1b8e71d34448fa1857bf5f3abf, type: 3}
      propertyPath: _nextWaypoint
      value: 
      objectReference: {fileID: 121097710}
    - target: {fileID: 8834940971312983385, guid: 67d57c1b8e71d34448fa1857bf5f3abf, type: 3}
      propertyPath: m_Name
      value: Waypoint (16)
      objectReference: {fileID: 0}
    m_RemovedComponents: []
  m_SourcePrefab: {fileID: 100100000, guid: 67d57c1b8e71d34448fa1857bf5f3abf, type: 3}
--- !u!4 &1656070329 stripped
Transform:
  m_CorrespondingSourceObject: {fileID: 866063588971714403, guid: 67d57c1b8e71d34448fa1857bf5f3abf, type: 3}
  m_PrefabInstance: {fileID: 1656070328}
  m_PrefabAsset: {fileID: 0}
--- !u!114 &1656070330 stripped
MonoBehaviour:
  m_CorrespondingSourceObject: {fileID: 8633750453136060853, guid: 67d57c1b8e71d34448fa1857bf5f3abf, type: 3}
  m_PrefabInstance: {fileID: 1656070328}
  m_PrefabAsset: {fileID: 0}
  m_GameObject: {fileID: 0}
  m_Enabled: 1
  m_EditorHideFlags: 0
  m_Script: {fileID: 11500000, guid: b141750904154aa4599cceff2e0bf559, type: 3}
  m_Name: 
  m_EditorClassIdentifier: 
--- !u!1 &1708570028
GameObject:
  m_ObjectHideFlags: 0
  m_CorrespondingSourceObject: {fileID: 0}
  m_PrefabInstance: {fileID: 0}
  m_PrefabAsset: {fileID: 0}
  serializedVersion: 6
  m_Component:
  - component: {fileID: 1708570029}
  m_Layer: 0
  m_Name: ----Environment----
  m_TagString: Untagged
  m_Icon: {fileID: 0}
  m_NavMeshLayer: 0
  m_StaticEditorFlags: 0
  m_IsActive: 1
--- !u!4 &1708570029
Transform:
  m_ObjectHideFlags: 0
  m_CorrespondingSourceObject: {fileID: 0}
  m_PrefabInstance: {fileID: 0}
  m_PrefabAsset: {fileID: 0}
  m_GameObject: {fileID: 1708570028}
  m_LocalRotation: {x: 0, y: 0, z: 0, w: 1}
  m_LocalPosition: {x: 0, y: 0, z: 0}
  m_LocalScale: {x: 1, y: 1, z: 1}
  m_Children: []
  m_Father: {fileID: 0}
  m_RootOrder: 2
  m_LocalEulerAnglesHint: {x: 0, y: 0, z: 0}
--- !u!1 &2086382545
GameObject:
  m_ObjectHideFlags: 0
  m_CorrespondingSourceObject: {fileID: 0}
  m_PrefabInstance: {fileID: 0}
  m_PrefabAsset: {fileID: 0}
  serializedVersion: 6
  m_Component:
  - component: {fileID: 2086382546}
  m_Layer: 0
  m_Name: Waypoints
  m_TagString: Untagged
  m_Icon: {fileID: 0}
  m_NavMeshLayer: 0
  m_StaticEditorFlags: 0
  m_IsActive: 1
--- !u!4 &2086382546
Transform:
  m_ObjectHideFlags: 0
  m_CorrespondingSourceObject: {fileID: 0}
  m_PrefabInstance: {fileID: 0}
  m_PrefabAsset: {fileID: 0}
  m_GameObject: {fileID: 2086382545}
  m_LocalRotation: {x: -0, y: -0, z: -0, w: 1}
  m_LocalPosition: {x: 0, y: 0, z: 0}
  m_LocalScale: {x: 1, y: 1, z: 1}
  m_Children:
  - {fileID: 976138221}
  - {fileID: 699534965}
  - {fileID: 477911260}
  - {fileID: 247999911}
  - {fileID: 185180584}
  - {fileID: 535603187}
  - {fileID: 416629880}
  - {fileID: 555490964}
  - {fileID: 1464016584}
  - {fileID: 853571828}
  - {fileID: 1466516497}
  - {fileID: 116476836}
  - {fileID: 1624202839}
  - {fileID: 1028263026}
  - {fileID: 674971821}
  - {fileID: 1656070329}
  - {fileID: 959326843}
  - {fileID: 984817435}
  - {fileID: 121097711}
  - {fileID: 1191486516}
  m_Father: {fileID: 0}
  m_RootOrder: 5
  m_LocalEulerAnglesHint: {x: 0, y: 0, z: 0}
--- !u!1001 &7888994850251918398
PrefabInstance:
  m_ObjectHideFlags: 0
  serializedVersion: 2
  m_Modification:
    m_TransformParent: {fileID: 0}
    m_Modifications:
    - target: {fileID: 71555997583823837, guid: 7b66a390392d94b44a5a963e422c3ee8, type: 3}
      propertyPath: m_LocalPosition.x
      value: 0
      objectReference: {fileID: 0}
    - target: {fileID: 71555997583823837, guid: 7b66a390392d94b44a5a963e422c3ee8, type: 3}
      propertyPath: m_LocalPosition.y
      value: 0
      objectReference: {fileID: 0}
    - target: {fileID: 71555997583823837, guid: 7b66a390392d94b44a5a963e422c3ee8, type: 3}
      propertyPath: m_LocalPosition.z
      value: 0
      objectReference: {fileID: 0}
    - target: {fileID: 71555997583823837, guid: 7b66a390392d94b44a5a963e422c3ee8, type: 3}
      propertyPath: m_LocalRotation.x
      value: 0
      objectReference: {fileID: 0}
    - target: {fileID: 71555997583823837, guid: 7b66a390392d94b44a5a963e422c3ee8, type: 3}
      propertyPath: m_LocalRotation.y
      value: 0
      objectReference: {fileID: 0}
    - target: {fileID: 71555997583823837, guid: 7b66a390392d94b44a5a963e422c3ee8, type: 3}
      propertyPath: m_LocalRotation.z
      value: 0
      objectReference: {fileID: 0}
    - target: {fileID: 71555997583823837, guid: 7b66a390392d94b44a5a963e422c3ee8, type: 3}
      propertyPath: m_LocalRotation.w
      value: 1
      objectReference: {fileID: 0}
    - target: {fileID: 71555997583823837, guid: 7b66a390392d94b44a5a963e422c3ee8, type: 3}
      propertyPath: m_RootOrder
      value: 9
      objectReference: {fileID: 0}
    - target: {fileID: 71555997583823837, guid: 7b66a390392d94b44a5a963e422c3ee8, type: 3}
      propertyPath: m_LocalEulerAnglesHint.x
      value: 0
      objectReference: {fileID: 0}
    - target: {fileID: 71555997583823837, guid: 7b66a390392d94b44a5a963e422c3ee8, type: 3}
      propertyPath: m_LocalEulerAnglesHint.y
      value: 0
      objectReference: {fileID: 0}
    - target: {fileID: 71555997583823837, guid: 7b66a390392d94b44a5a963e422c3ee8, type: 3}
      propertyPath: m_LocalEulerAnglesHint.z
      value: 0
      objectReference: {fileID: 0}
    - target: {fileID: 190110386204194362, guid: 7b66a390392d94b44a5a963e422c3ee8, type: 3}
      propertyPath: m_Name
      value: TrafficLightController
      objectReference: {fileID: 0}
    - target: {fileID: 6985607486757951293, guid: 7b66a390392d94b44a5a963e422c3ee8, type: 3}
      propertyPath: _trafficLights.Array.size
      value: 4
      objectReference: {fileID: 0}
    - target: {fileID: 6985607486757951293, guid: 7b66a390392d94b44a5a963e422c3ee8, type: 3}
      propertyPath: _trafficLights.Array.data[0]
      value: 
      objectReference: {fileID: 959326844}
    - target: {fileID: 6985607486757951293, guid: 7b66a390392d94b44a5a963e422c3ee8, type: 3}
      propertyPath: _trafficLights.Array.data[1]
      value: 
      objectReference: {fileID: 984817434}
    - target: {fileID: 6985607486757951293, guid: 7b66a390392d94b44a5a963e422c3ee8, type: 3}
      propertyPath: _trafficLights.Array.data[2]
      value: 
      objectReference: {fileID: 121097710}
    - target: {fileID: 6985607486757951293, guid: 7b66a390392d94b44a5a963e422c3ee8, type: 3}
      propertyPath: _trafficLights.Array.data[3]
      value: 
      objectReference: {fileID: 1191486515}
    m_RemovedComponents: []
  m_SourcePrefab: {fileID: 100100000, guid: 7b66a390392d94b44a5a963e422c3ee8, type: 3}
